{"path_per_floor":["M","?","?","$","M","R","M","?","T","M","M","M","T","$","R","B",null,"M","M","$","?","?","M","M","M","T","M","R","M","$","M","R"],"character_chosen":"IRONCLAD","items_purchased":["Bandage Up","Headbutt","Twin Strike","Flex","Vajra","Fire Potion"],"gold_per_floor":[110,110,110,18,37,37,52,52,52,70,86,100,100,28,28,130,130,140,158,113,113,113,130,146,165,165,185,185,201,4,23,23,23],"floor_reached":33,"campfire_rested":3,"playtime":2463,"current_hp_per_floor":[80,85,68,68,68,68,70,70,70,68,43,41,41,41,66,14,85,85,79,79,79,85,77,50,37,37,21,48,33,33,28,55,0],"items_purged":[],"gold":23,"score":243,"play_id":"cfdf6f65-7415-4fd2-b46c-59ad4f1ef8a0","local_time":"20180517022458","is_prod":false,"is_daily":false,"chose_seed":false,"is_ascension_mode":false,"campfire_upgraded":1,"timestamp":1526502298,"path_taken":["M","?","?","?","M","R","M","?","T","M","M","M","?","$","R","BOSS","M","M","?","?","?","M","M","M","T","M","R","M","$","M","R","BOSS"],"build_version":"2018-05-10","seed_source_timestamp":15777608807014,"purchased_purges":0,"victory":false,"master_deck":["Strike_R+1","Strike_R","Strike_R+1","Defend_R","Defend_R","Defend_R","Defend_R","Bash","Armaments+1","Bandage Up","Heavy Blade","Headbutt","Cleave","Headbutt","Twin Strike","Demon Form","True Grit","Flex","Pummel","Sword Boomerang","Sword Boomerang","Pummel","Sword Boomerang"],"max_hp_per_floor":[80,85,85,85,85,85,85,85,85,85,85,85,85,85,85,85,85,85,85,85,85,85,85,90,90,90,90,90,90,90,90,90,90],"relics":["Runic Pyramid","Orichalcum","Kunai","White Beast Statue","Peace Pipe","Vajra"],"card_choices":[{"not_picked":["Dropkick","Anger"],"picked":"Armaments","floor":1},{"not_picked":["Clash","Bloodletting"],"picked":"Heavy Blade","floor":5},{"not_picked":["Seeing Red","Hemokinesis"],"picked":"Headbutt","floor":10},{"not_picked":["Hemokinesis","True Grit"],"picked":"Dual Wield","floor":11},{"not_picked":["Twin Strike","Limit Break"],"picked":"Cleave","floor":12},{"not_picked":["Impervious","Feed"],"picked":"Demon Form","floor":16},{"not_picked":["Armaments","Metallicize"],"picked":"True Grit","floor":18},{"not_picked":["Reckless Charge","Clash"],"picked":"Pummel","floor":23},{"not_picked":["Anger","Infernal Blade"],"picked":"Sword Boomerang","floor":24},{"not_picked":["Power Through","Blood for Blood"],"picked":"Sword Boomerang","floor":27},{"not_picked":["Pommel Strike","Thunderclap"],"picked":"Pummel","floor":29},{"not_picked":["Intimidate","Second Wind"],"picked":"Sword Boomerang","floor":31}],"player_experience":19027,"potions_floor_usage":[18,18,23,23,24,25,27,29,31,31,33],"damage_taken":[{"damage":0,"enemies":"Small Slimes","floor":1,"turns":3},{"damage":4,"enemies":"Jaw Worm","floor":5,"turns":4},{"damage":2,"enemies":"2 Louse","floor":7,"turns":4},{"damage":6,"enemies":"Blue Slaver","floor":10,"turns":4},{"damage":29,"enemies":"Exordium Thugs","floor":11,"turns":6},{"damage":6,"enemies":"Exordium Wildlife","floor":12,"turns":4},{"damage":56,"enemies":"Slime Boss","floor":16,"turns":11},{"damage":4,"enemies":"Shell Parasite","floor":18,"turns":4},{"damage":12,"enemies":"Chosen","floor":19,"turns":6},{"damage":12,"enemies":"Centurion and Healer","floor":23,"turns":7},{"damage":36,"enemies":"Snake Plant","floor":24,"turns":6},{"damage":32,"enemies":"Chosen and Byrds","floor":25,"turns":7},{"damage":20,"enemies":"Centurion and Healer","floor":27,"turns":6},{"damage":19,"enemies":"Snake Plant","floor":29,"turns":5},{"damage":9,"enemies":"3 Cultists","floor":31,"turns":4},{"damage":67,"enemies":"Automaton","floor":33,"turns":8}],"event_choices":[{"event_name":"Big Fish","player_choice":"Donut","floor":2,"damage_taken":0},{"event_name":"Shining Light","player_choice":"Entered Light","floor":3,"damage_taken":0},{"event_name":"Purifier","player_choice":"One Purge","floor":8,"damage_taken":0},{"event_name":"Purifier","player_choice":"One Purge","floor":21,"damage_taken":0},{"event_name":"Bonfire Elementals","player_choice":"UNCOMMON","floor":22,"damage_taken":0}],"boss_relics":[{"not_picked":["Runic Dome","Black Star"],"picked":"White Beast Statue"}],"potions_floor_spawned":[1,16,18,19,23,24,25,27,29,31],"seed_played":"-6168386877719890912","killed_by":"Automaton","ascension_level":0,"is_trial":false}