{"path_per_floor":["M","?","T","M","M","R","M","M","T","$","R","?","R","M","R","B",null,"M","$","?","T","?","R","M","M","T","M","E","?","$","M","R","B",null,"M","M","M","?","M","R","?","R","T","M","E","?","R","M","R","B"],"character_chosen":"IRONCLAD","items_purchased":["Shrug It Off","True Grit","Omamori","Shockwave"],"gold_per_floor":[113,113,185,201,219,219,232,242,265,91,91,191,191,208,208,303,303,258,41,41,41,41,41,41,41,41,41,41,41,41,41,41,41,41,41,41,41,41,41,41,41,41,41,41,41,41,41,41,41,41],"floor_reached":51,"campfire_rested":4,"playtime":4373,"current_hp_per_floor":[74,74,74,69,67,67,52,28,28,28,52,52,76,71,71,71,80,78,78,38,38,38,62,53,50,50,52,58,45,45,54,81,68,90,90,87,66,66,70,70,70,70,70,78,84,84,84,89,89,30],"items_purged":["Evolve"],"gold":41,"score":789,"play_id":"e4a47215-66a0-43c5-80b6-033e7bb2345f","local_time":"20180519232327","is_prod":false,"is_daily":false,"chose_seed":false,"is_ascension_mode":false,"campfire_upgraded":6,"timestamp":1526750607,"campfire_choices":[{"data":"Body Slam","floor":6,"key":"SMITH"},{"floor":11,"key":"REST"},{"floor":13,"key":"REST"},{"data":"Havoc","floor":15,"key":"SMITH"},{"floor":23,"key":"REST"},{"floor":32,"key":"REST"},{"data":"Barricade","floor":40,"key":"SMITH"},{"data":"Metallicize","floor":42,"key":"SMITH"},{"data":"Body Slam","floor":47,"key":"SMITH"},{"data":"Havoc","floor":49,"key":"SMITH"}],"path_taken":["M","?","?","M","?","R","M","?","T","$","R","?","R","M","R","BOSS","M","$","?","?","?","R","M","M","T","?","E","?","$","M","R","BOSS","M","M","?","?","M","R","?","R","T","M","E","?","R","M","R","BOSS"],"build_version":"2018-05-17","seed_source_timestamp":166104923041400,"purchased_purges":1,"victory":true,"master_deck":["Strike_R","Strike_R","Defend_R","Defend_R","Defend_R","Defend_R","Bash","Juggernaut+1","Pommel Strike+1","Feel No Pain","Exhume","Body Slam+1","Armaments+1","Havoc","True Grit","Shrug It Off+1","True Grit","Havoc+1","Reaper","Flame Barrier+1","Shockwave","Good Instincts","Good Instincts","Trip","Havoc","Ghostly Armor+1","Iron Wave","Intimidate+1","Armaments","Entrench+1","Barricade+1","Flame Barrier","Headbutt","Flame Barrier+1","Havoc+1","Impervious","Metallicize+1","Disarm+1","Body Slam+1","Havoc+1"],"max_hp_per_floor":[80,80,80,80,80,80,80,80,80,80,80,80,80,80,80,80,80,80,80,80,80,80,80,80,80,80,80,90,90,90,90,90,90,90,90,90,90,90,90,90,90,90,90,90,90,90,90,90,90,90],"relics":["Astrolabe","Question Card","Bag of Marbles","Ectoplasm","Omamori","Centennial Puzzle","Orichalcum","Pear","Red Mask","Philosopher\u0027s Stone","Happy Flower","War Paint"],"card_choices":[{"not_picked":["Perfected Strike","Whirlwind"],"picked":"Feel No Pain","floor":1},{"not_picked":["Infernal Blade","True Grit","Blood for Blood"],"picked":"Body Slam","floor":4},{"not_picked":["Battle Trance","Blood for Blood","True Grit"],"picked":"Armaments","floor":5},{"not_picked":["Pommel Strike","Dropkick","Rampage"],"picked":"Havoc","floor":7},{"not_picked":["Sword Boomerang","Clothesline","Reckless Charge"],"picked":"True Grit","floor":8},{"not_picked":["Iron Wave","Clothesline","Thunderclap"],"picked":"Havoc","floor":14},{"not_picked":["Limit Break","Dark Embrace","Exhume"],"picked":"Reaper","floor":16},{"not_picked":["Cleave","Clash","Headbutt+1"],"picked":"Flame Barrier+1","floor":18},{"not_picked":["Perfected Strike+1","Hemokinesis","Rampage"],"picked":"Havoc","floor":24},{"not_picked":["Sentinel","Perfected Strike","Berserk"],"picked":"Ghostly Armor+1","floor":25},{"not_picked":["Twin Strike","Anger+1","Pommel Strike+1"],"picked":"Iron Wave","floor":27},{"not_picked":["Sword Boomerang","Burning Pact+1","Flex"],"picked":"Intimidate+1","floor":28},{"not_picked":["Burning Pact","Perfected Strike+1","Cleave+1"],"picked":"Armaments","floor":29},{"not_picked":["Clothesline+1","Wild Strike+1","Havoc"],"picked":"Entrench+1","floor":31},{"not_picked":["Fiend Fire","Feed","Berserk"],"picked":"Barricade","floor":33},{"not_picked":["Warcry+1","Searing Blow+1","Clash"],"picked":"Flame Barrier","floor":35},{"not_picked":["Wild Strike","Heavy Blade","Cleave"],"picked":"Headbutt","floor":36},{"not_picked":["Wild Strike+1","Pommel Strike","Intimidate+1"],"picked":"Flame Barrier+1","floor":37},{"not_picked":["Clash","Whirlwind+1","Heavy Blade+1"],"picked":"Metallicize","floor":39},{"not_picked":["Warcry","Wild Strike","Combust"],"picked":"Disarm+1","floor":44},{"not_picked":["Warcry+1","Ghostly Armor","Dark Embrace"],"picked":"Body Slam","floor":45},{"not_picked":["Perfected Strike","Corruption+1","Pommel Strike"],"picked":"Havoc+1","floor":48}],"player_experience":42364,"potions_floor_usage":[16,16,16,28,29,33,50,50,50],"damage_taken":[{"damage":6,"enemies":"Jaw Worm","floor":1,"turns":4},{"damage":5,"enemies":"Cultist","floor":4,"turns":4},{"damage":2,"enemies":"Small Slimes","floor":5,"turns":4},{"damage":15,"enemies":"Exordium Thugs","floor":7,"turns":5},{"damage":24,"enemies":"Lots of Slimes","floor":8,"turns":5},{"damage":5,"enemies":"Gremlin Gang","floor":14,"turns":5},{"damage":0,"enemies":"Slime Boss","floor":16,"turns":9},{"damage":2,"enemies":"2 Thieves","floor":18,"turns":4},{"damage":9,"enemies":"3 Byrds","floor":24,"turns":3},{"damage":3,"enemies":"Snake Plant","floor":25,"turns":3},{"damage":4,"enemies":"Slaver and Parasite","floor":27,"turns":6},{"damage":14,"enemies":"Slavers","floor":28,"turns":6},{"damage":13,"enemies":"Masked Bandits","floor":29,"turns":4},{"damage":5,"enemies":"Centurion and Healer","floor":31,"turns":7},{"damage":18,"enemies":"Champ","floor":33,"turns":15},{"damage":3,"enemies":"Orb Walker","floor":35,"turns":4},{"damage":7,"enemies":"3 Darklings","floor":36,"turns":9},{"damage":27,"enemies":"Sphere and 2 Shapes","floor":37,"turns":8},{"damage":0,"enemies":"Maw","floor":39,"turns":11},{"damage":6,"enemies":"4 Shapes","floor":44,"turns":7},{"damage":0,"enemies":"Nemesis","floor":45,"turns":11},{"damage":3,"enemies":"3 Darklings","floor":48,"turns":6},{"damage":75,"enemies":"Donu and Deca","floor":50,"turns":14}],"relics_obtained":[{"floor":3,"key":"Question Card"},{"floor":9,"key":"Bag of Marbles"},{"floor":21,"key":"Centennial Puzzle"},{"floor":26,"key":"Orichalcum"},{"floor":28,"key":"Pear"},{"floor":29,"key":"Red Mask"},{"floor":43,"key":"Happy Flower"},{"floor":45,"key":"War Paint"}],"event_choices":[{"event_name":"Match and Keep!","player_choice":"2 cards matched","floor":2,"damage_taken":0},{"event_name":"Golden Shrine","player_choice":"Pray","floor":12,"damage_taken":0},{"event_name":"Knowing Skull","player_choice":"CARD CARD POTION CARD ","floor":20,"damage_taken":0},{"event_name":"Vampires","player_choice":"Ignored","floor":22,"damage_taken":0},{"event_name":"Masked Bandits","player_choice":"Fought over 41 gold","floor":29,"damage_taken":0},{"event_name":"Match and Keep!","player_choice":"2 cards matched","floor":38,"damage_taken":0},{"event_name":"SecretPortal","player_choice":"Rejected Portal.","floor":41,"damage_taken":0}],"boss_relics":[{"not_picked":["Lizard Tail","Orrery"],"picked":"Ectoplasm"},{"not_picked":["Eternal Feather","Runic Cube"],"picked":"Philosopher\u0027s Stone"}],"potions_floor_spawned":[5,8,14,25,27,28,29,31,39,44,45],"seed_played":"6046068738343023412","ascension_level":0,"potions_obtained":[{"floor":5,"key":"Strength Potion"},{"floor":8,"key":"AttackPotion"},{"floor":14,"key":"Strength Potion"},{"floor":25,"key":"Ancient Potion"},{"floor":27,"key":"EssenceOfSteel"},{"floor":28,"key":"Fire Potion"},{"floor":29,"key":"BloodPotion"},{"floor":31,"key":"Explosive Potion"},{"floor":39,"key":"FearPotion"}],"is_trial":false}