{"path_per_floor":["M","M","?","$","$","R","M","M","T","E","$","R","M","M","R","B",null,"M","?","M","M","$","R","?","M","T"],"character_chosen":"IRONCLAD","items_purchased":["Rampage","Pommel Strike","Clash","Metallicize","Heavy Blade","Bandage Up"],"gold_per_floor":[118,133,133,65,65,65,83,102,153,178,30,30,47,58,58,159,159,169,169,181,196,55,55,83,96,120,120],"floor_reached":27,"campfire_rested":1,"playtime":1836,"current_hp_per_floor":[88,87,69,69,69,69,75,70,70,67,67,67,73,73,73,35,88,81,81,82,45,45,71,23,17,17,0],"items_purged":[],"gold":120,"score":215,"play_id":"853a60cb-590c-4494-86ec-b60a8785d8b6","local_time":"20180520025316","is_prod":false,"is_daily":false,"chose_seed":false,"is_ascension_mode":false,"campfire_upgraded":3,"timestamp":1526763196,"campfire_choices":[{"data":"Rampage","floor":6,"key":"SMITH"},{"data":"Pommel Strike","floor":12,"key":"SMITH"},{"data":"Inflame","floor":15,"key":"SMITH"},{"floor":23,"key":"REST"}],"path_taken":["M","?","?","?","$","R","M","M","T","E","$","R","?","M","R","BOSS","M","?","?","M","$","R","?","M","T","M"],"build_version":"2018-05-17","seed_source_timestamp":181253176418800,"purchased_purges":0,"victory":false,"master_deck":["Strike_R+1","Strike_R","Strike_R","Strike_R","Strike_R","Defend_R","Defend_R+1","Defend_R","Defend_R","Bash+1","Armaments","Iron Wave+1","Rampage+1","Flex","Flex","Shrug It Off","Pommel Strike+1","Clash","Metallicize","Inflame+1","Heavy Blade","Bludgeon","Intimidate","Disarm","Twin Strike","Pommel Strike","Spot Weakness","Heavy Blade","Headbutt","Heavy Blade","Bandage Up","Thunderclap","Twin Strike"],"max_hp_per_floor":[88,88,88,88,88,88,88,88,88,88,88,88,88,88,88,88,88,88,88,88,88,88,88,88,88,88,88],"relics":["Burning Blood","Whetstone","Happy Flower","Orrery","Red Mask","Oddly Smooth Stone"],"card_choices":[{"not_picked":["Clothesline","Combust"],"picked":"Armaments","floor":1},{"not_picked":["Clash","Power Through"],"picked":"Iron Wave","floor":2},{"not_picked":["Flame Barrier","Armaments"],"picked":"Flex","floor":7},{"not_picked":["Perfected Strike","Reaper"],"picked":"Flex","floor":8},{"not_picked":["Entrench","Warcry"],"picked":"Shrug It Off","floor":10},{"not_picked":["Anger","Headbutt"],"picked":"Inflame","floor":13},{"not_picked":["Iron Wave","Uppercut"],"picked":"Heavy Blade","floor":14},{"not_picked":["Offering","Berserk"],"picked":"Bludgeon","floor":16},{"not_picked":["Clothesline","Warcry"],"picked":"Intimidate","floor":17},{"not_picked":["Reckless Charge","Combust"],"picked":"Disarm","floor":17},{"not_picked":["Sword Boomerang","Cleave"],"picked":"Twin Strike","floor":17},{"not_picked":["Intimidate","Havoc"],"picked":"Pommel Strike","floor":17},{"not_picked":["Exhume","Pommel Strike"],"picked":"Spot Weakness","floor":17},{"not_picked":["Sword Boomerang","Carnage+1"],"picked":"Heavy Blade","floor":18},{"not_picked":["Sentinel","Clothesline","Reckless Charge"],"picked":"SKIP","floor":20},{"not_picked":["Wild Strike","Armaments"],"picked":"Headbutt","floor":21},{"not_picked":["Perfected Strike","Sever Soul"],"picked":"Thunderclap","floor":24},{"not_picked":["Dropkick","Reckless Charge"],"picked":"Twin Strike","floor":25}],"player_experience":46737,"potions_floor_usage":[16,21,24,27,27],"damage_taken":[{"damage":1,"enemies":"Cultist","floor":1,"turns":4},{"damage":7,"enemies":"Small Slimes","floor":2,"turns":5},{"damage":0,"enemies":"Jaw Worm","floor":7,"turns":3},{"damage":11,"enemies":"2 Fungi Beasts","floor":8,"turns":4},{"damage":9,"enemies":"Lagavulin","floor":10,"turns":6},{"damage":0,"enemies":"Exordium Thugs","floor":13,"turns":4},{"damage":6,"enemies":"Gremlin Gang","floor":14,"turns":6},{"damage":44,"enemies":"Slime Boss","floor":16,"turns":11},{"damage":13,"enemies":"Spheric Guardian","floor":18,"turns":4},{"damage":5,"enemies":"2 Thieves","floor":20,"turns":5},{"damage":43,"enemies":"Cultist and Chosen","floor":21,"turns":8},{"damage":58,"enemies":"Masked Bandits","floor":24,"turns":6},{"damage":16,"enemies":"Centurion and Healer","floor":25,"turns":5},{"damage":22,"enemies":"Sentry and Sphere","floor":27,"turns":3}],"relics_obtained":[{"floor":9,"key":"Whetstone"},{"floor":10,"key":"Happy Flower"},{"floor":24,"key":"Red Mask"},{"floor":26,"key":"Oddly Smooth Stone"}],"event_choices":[{"event_name":"Shining Light","player_choice":"Entered Light","floor":3,"damage_taken":0},{"event_name":"Ghosts","player_choice":"Ignored","floor":19,"damage_taken":0},{"event_name":"Masked Bandits","player_choice":"Fought over 55 gold","floor":24,"damage_taken":0}],"boss_relics":[{"not_picked":["Eternal Feather","Black Blood"],"picked":"Orrery"}],"potions_floor_spawned":[2,8,13,14,20,25],"seed_played":"6556834991839505666","killed_by":"Sentry and Sphere","ascension_level":0,"potions_obtained":[{"floor":2,"key":"PowerPotion"},{"floor":8,"key":"GamblersBrew"},{"floor":13,"key":"Energy Potion"},{"floor":20,"key":"SpeedPotion"},{"floor":25,"key":"Poison Potion"}],"is_trial":false}