{"path_per_floor":["M","?","?","?","M","E","R","M","T","?","M","R","E","M","R","B",null,"M","M","?","M","$","R","M","E","T","M","$","R","M","M","R"],"character_chosen":"IRONCLAD","items_purchased":["Armaments","Thinking Ahead","Block Potion","PowerPotion"],"gold_per_floor":[14,14,14,14,27,61,61,76,101,101,117,117,146,160,160,264,264,280,290,290,309,14,14,26,60,60,70,21,21,37,57,57,57],"floor_reached":33,"campfire_rested":2,"playtime":2033,"current_hp_per_floor":[93,93,93,93,91,53,53,61,61,61,58,58,74,76,76,60,96,72,67,67,64,64,64,70,26,26,15,15,43,27,20,48,0],"items_purged":[],"gold":57,"score":329,"play_id":"41b75c5f-2f79-470b-a91d-a937e6d3dab5","local_time":"20180520032727","is_prod":false,"is_daily":false,"chose_seed":false,"is_ascension_mode":false,"campfire_upgraded":4,"timestamp":1526765247,"campfire_choices":[{"data":"Juggernaut","floor":7,"key":"SMITH"},{"data":"Armaments","floor":12,"key":"SMITH"},{"data":"Iron Wave","floor":15,"key":"SMITH"},{"data":"Juggernaut","floor":23,"key":"SMITH"},{"floor":29,"key":"REST"},{"floor":32,"key":"REST"}],"path_taken":["M","?","?","?","M","E","R","M","T","?","?","R","E","M","R","BOSS","M","M","?","M","$","R","?","E","T","M","?","R","?","M","R","BOSS"],"build_version":"2018-05-17","seed_source_timestamp":183113976152600,"purchased_purges":0,"victory":false,"master_deck":["Strike_R+1","Strike_R","Strike_R","Strike_R","Defend_R","Defend_R","Defend_R","Defend_R","Bash+1","Metallicize+1","True Grit","Juggernaut+1","Shrug It Off+1","Armaments+1","Iron Wave+1","Juggernaut+1","Armaments","Juggernaut","Armaments","Thinking Ahead","Warcry","Iron Wave","Armaments"],"max_hp_per_floor":[96,96,96,96,96,96,96,96,96,96,96,96,96,96,96,96,96,96,96,96,96,96,96,96,96,96,96,96,96,96,96,96,96],"relics":["Burning Blood","Blood Vial","Bronze Scales","Oddly Smooth Stone","Philosopher\u0027s Stone","Whetstone","Dodecahedron"],"card_choices":[{"not_picked":["Pummel","Sword Boomerang"],"picked":"Metallicize","floor":1},{"not_picked":["Fire Breathing","Clash"],"picked":"True Grit","floor":5},{"not_picked":["Blood for Blood","Seeing Red"],"picked":"Juggernaut","floor":6},{"not_picked":["Perfected Strike","Whirlwind"],"picked":"Shrug It Off","floor":8},{"not_picked":["Rupture","Warcry"],"picked":"Armaments","floor":11},{"not_picked":["Sword Boomerang","Combust"],"picked":"Iron Wave","floor":13},{"not_picked":["Hemokinesis","Feed","Fire Breathing"],"picked":"SKIP","floor":14},{"not_picked":["Feed","Impervious"],"picked":"Juggernaut","floor":16},{"not_picked":["Thunderclap","Headbutt"],"picked":"Armaments","floor":18},{"not_picked":["Burning Pact","Combust","Inflame"],"picked":"SKIP","floor":19},{"not_picked":["Iron Wave","Clothesline"],"picked":"Juggernaut","floor":21},{"not_picked":["Sword Boomerang","Wild Strike+1","Perfected Strike+1"],"picked":"SKIP","floor":24},{"not_picked":["Uppercut","Heavy Blade","Anger"],"picked":"SKIP","floor":25},{"not_picked":["Corruption","Perfected Strike"],"picked":"Warcry","floor":27},{"not_picked":["Warcry","Flex"],"picked":"Iron Wave","floor":30},{"not_picked":["Exhume","Flex"],"picked":"Armaments","floor":31}],"player_experience":48573,"potions_floor_usage":[5,6,13,13,16,25,25,30,30,33],"damage_taken":[{"damage":9,"enemies":"2 Louse","floor":1,"turns":3},{"damage":8,"enemies":"Jaw Worm","floor":5,"turns":5},{"damage":44,"enemies":"Lagavulin","floor":6,"turns":12},{"damage":0,"enemies":"Cultist","floor":8,"turns":4},{"damage":11,"enemies":"3 Louse","floor":11,"turns":4},{"damage":6,"enemies":"3 Sentries","floor":13,"turns":5},{"damage":6,"enemies":"Blue Slaver","floor":14,"turns":3},{"damage":24,"enemies":"Hexaghost","floor":16,"turns":10},{"damage":30,"enemies":"3 Byrds","floor":18,"turns":3},{"damage":13,"enemies":"Chosen","floor":19,"turns":5},{"damage":11,"enemies":"Sentry and Sphere","floor":21,"turns":5},{"damage":2,"enemies":"Centurion and Healer","floor":24,"turns":6},{"damage":52,"enemies":"Gremlin Leader","floor":25,"turns":5},{"damage":30,"enemies":"Snake Plant","floor":27,"turns":3},{"damage":24,"enemies":"3 Cultists","floor":30,"turns":5},{"damage":15,"enemies":"Snecko","floor":31,"turns":5},{"damage":64,"enemies":"Champ","floor":33,"turns":8}],"relics_obtained":[{"floor":6,"key":"Blood Vial"},{"floor":9,"key":"Bronze Scales"},{"floor":13,"key":"Oddly Smooth Stone"},{"floor":25,"key":"Whetstone"},{"floor":26,"key":"Dodecahedron"}],"event_choices":[{"event_name":"Liars Game","player_choice":"disagreed","floor":2,"damage_taken":0},{"event_name":"Purifier","player_choice":"One Purge","floor":3,"damage_taken":0},{"event_name":"Accursed Blacksmith","player_choice":"Forge","floor":4,"damage_taken":0},{"event_name":"Living Wall","player_choice":"Grow","floor":10,"damage_taken":0},{"event_name":"Back to Basics","player_choice":"Elegance","floor":20,"damage_taken":0}],"boss_relics":[{"not_picked":["Runic Dome","Tiny House"],"picked":"Philosopher\u0027s Stone"}],"potions_floor_spawned":[1,11,13,21,24,27,30],"seed_played":"7429201345833912687","killed_by":"Champ","ascension_level":0,"potions_obtained":[{"floor":1,"key":"EntropicBrew"},{"floor":11,"key":"Explosive Potion"},{"floor":13,"key":"Ancient Potion"},{"floor":21,"key":"Fire Potion"},{"floor":27,"key":"AttackPotion"},{"floor":30,"key":"SteroidPotion"}],"is_trial":false}