{"path_per_floor":["M","M","?","?","M","R","M","$","T","T","?","?","$","$","R","B",null,"M","$","?","?","M","R","$","M","T","M","M","?","$","T","R"],"character_chosen":"IRONCLAD","items_purchased":["Heavy Blade","Finesse","Warcry","Good Instincts","Uppercut","Flex","Headbutt","Flex","Pummel","Warcry"],"gold_per_floor":[115,132,132,382,397,397,410,190,190,271,271,271,49,49,49,145,145,164,90,90,90,109,109,20,34,34,52,71,71,45,127,127,127],"floor_reached":33,"campfire_rested":1,"playtime":1888,"current_hp_per_floor":[79,80,85,85,85,85,71,71,71,71,71,71,71,71,71,13,85,85,85,85,85,71,71,71,73,73,61,48,48,48,48,73,0],"items_purged":["Regret"],"gold":127,"score":258,"play_id":"b442b4c4-44d6-48b4-a34d-11e924ea152b","local_time":"20180516022423","is_prod":false,"is_daily":false,"chose_seed":false,"is_ascension_mode":false,"campfire_upgraded":3,"timestamp":1526415863,"path_taken":["M","M","?","?","?","R","M","$","T","?","?","?","?","$","R","BOSS","M","$","?","?","M","R","$","?","T","M","?","?","?","?","R","BOSS"],"build_version":"2018-05-10","seed_source_timestamp":4112604433209,"purchased_purges":1,"victory":false,"master_deck":["Strike_R","Strike_R","Strike_R","Strike_R","Defend_R","Defend_R","Defend_R","Defend_R","Bash","Heavy Blade+1","Cleave","Shrug It Off","Dropkick","Flex+1","Heavy Blade","Finesse","Bash","Entrench+1","Warcry+1","Good Instincts+1","Uppercut","Juggernaut","Carnage","Flex+1","Headbutt","Flex+1","Heavy Blade+1","Flex+1","Pummel","Double Tap+1","Flex+1","Battle Trance+1","Warcry+1"],"max_hp_per_floor":[80,80,85,85,85,85,85,85,85,85,85,85,85,85,85,85,85,85,85,85,85,85,85,85,85,85,85,85,85,85,85,85,85],"relics":["Burning Blood","Toxic Egg 2","Bottled Flame","Sozu","Dodecahedron","Paper Frog"],"card_choices":[{"not_picked":["Metallicize","Power Through"],"picked":"Heavy Blade","floor":0},{"not_picked":["Hemokinesis","Fire Breathing"],"picked":"Cleave","floor":1},{"not_picked":["Anger","Feel No Pain"],"picked":"Shrug It Off","floor":2},{"not_picked":["True Grit","Body Slam"],"picked":"Dropkick","floor":5},{"not_picked":["Rage","Warcry"],"picked":"Flex","floor":7},{"not_picked":["Dark Embrace","Fiend Fire"],"picked":"Juggernaut","floor":16},{"not_picked":["Thunderclap","Hemokinesis"],"picked":"Carnage","floor":18},{"not_picked":["Clothesline","True Grit"],"picked":"Heavy Blade","floor":22},{"not_picked":["Bloodletting","Burning Pact"],"picked":"Double Tap","floor":25},{"not_picked":["Pommel Strike","Infernal Blade"],"picked":"Flex","floor":27},{"not_picked":["Headbutt","Metallicize"],"picked":"Battle Trance","floor":28}],"player_experience":7808,"potions_floor_usage":[16,16,33,33],"damage_taken":[{"damage":7,"enemies":"Small Slimes","floor":1,"turns":4},{"damage":1,"enemies":"Jaw Worm","floor":2,"turns":3},{"damage":4,"enemies":"2 Louse","floor":5,"turns":3},{"damage":20,"enemies":"Lots of Slimes","floor":7,"turns":4},{"damage":64,"enemies":"Hexaghost","floor":16,"turns":12},{"damage":2,"enemies":"Chosen","floor":18,"turns":5},{"damage":20,"enemies":"3 Byrds","floor":22,"turns":5},{"damage":4,"enemies":"Snecko","floor":25,"turns":4},{"damage":18,"enemies":"Centurion and Healer","floor":27,"turns":5},{"damage":19,"enemies":"Snake Plant","floor":28,"turns":3},{"damage":91,"enemies":"Collector","floor":33,"turns":8}],"event_choices":[{"event_name":"Big Fish","player_choice":"Donut","floor":3,"damage_taken":0},{"event_name":"Golden Shrine","player_choice":"Desecrate","floor":4,"damage_taken":0},{"event_name":"Match and Keep!","player_choice":"1 cards matched","floor":11,"damage_taken":0},{"event_name":"Transmorgrifier","player_choice":"Transform","floor":12,"damage_taken":0},{"event_name":"The Library","player_choice":"Read","floor":20,"damage_taken":0},{"event_name":"Ghosts","player_choice":"Ignored","floor":21,"damage_taken":0},{"event_name":"Beggar","player_choice":"Ignored","floor":29,"damage_taken":0}],"boss_relics":[{"not_picked":["Snecko Eye","Runic Dome"],"picked":"Sozu"}],"potions_floor_spawned":[1,2,7,16,25,27],"seed_played":"8470060522024394871","killed_by":"Collector","ascension_level":0,"is_trial":false}