{"path_per_floor":["M","$","?","?","$","R","M","M","T","?","M","M","R","E","R","B",null,"M","?","?","M","M","R"],"character_chosen":"IRONCLAD","items_purchased":["Headbutt","Prayer Wheel","Sword Boomerang"],"gold_per_floor":[109,62,312,312,35,35,52,62,62,62,80,96,96,131,131,229,229,244,159,159,172,192,192,192],"floor_reached":24,"campfire_rested":0,"playtime":1369,"current_hp_per_floor":[80,80,80,85,85,85,85,85,85,85,76,67,67,60,60,22,85,69,69,69,50,50,50,0],"items_purged":["Regret"],"gold":192,"score":221,"play_id":"4d42d38b-8c67-4cb6-9e80-3d01e00fc440","local_time":"20180516024759","is_prod":false,"is_daily":false,"chose_seed":false,"is_ascension_mode":false,"campfire_upgraded":4,"timestamp":1526417279,"path_taken":["M","$","?","?","?","R","M","?","T","?","?","M","R","E","R","BOSS","M","?","?","M","M","R","M"],"build_version":"2018-05-10","seed_source_timestamp":6053453662095,"purchased_purges":1,"victory":false,"master_deck":["Strike_R","Strike_R","Strike_R","Strike_R","Strike_R","Defend_R+1","Defend_R","Defend_R","Defend_R+1","Bash","Flex+1","Headbutt","Sword Boomerang+1","Battle Trance","Uppercut","Cleave","Normality","Infernal Blade","Iron Wave","Heavy Blade+1","Reaper","Headbutt","Blood for Blood","Cleave","Headbutt","Headbutt","Clothesline","Limit Break","Flex+1"],"max_hp_per_floor":[80,80,80,85,85,85,85,85,85,85,85,85,85,85,85,85,85,85,85,85,85,85,85,85],"relics":["Burning Blood","Bronze Scales","Prayer Wheel","Frozen Egg 2","Toolbox","Happy Flower","Orrery","War Paint","Dodecahedron"],"card_choices":[{"not_picked":["Rampage","Anger"],"picked":"Flex","floor":1},{"not_picked":["Searing Blow","Seeing Red"],"picked":"Battle Trance","floor":7},{"not_picked":["Ghostly Armor","Anger"],"picked":"Uppercut","floor":8},{"not_picked":["Flame Barrier","Feel No Pain"],"picked":"Cleave","floor":9},{"not_picked":["Warcry","Anger"],"picked":"Infernal Blade","floor":11},{"not_picked":["Intimidate","Combust"],"picked":"Iron Wave","floor":12},{"not_picked":["Clothesline","Pommel Strike"],"picked":"Heavy Blade","floor":14},{"not_picked":["Bludgeon","Fiend Fire"],"picked":"Reaper","floor":16},{"not_picked":["Dual Wield","Warcry"],"picked":"Headbutt","floor":17},{"not_picked":["Sever Soul","Power Through"],"picked":"Blood for Blood","floor":17},{"not_picked":["Metallicize","True Grit"],"picked":"Cleave","floor":17},{"not_picked":["Anger","Body Slam"],"picked":"Headbutt","floor":17},{"not_picked":["Rupture","Pommel Strike"],"picked":"Headbutt","floor":17},{"not_picked":["Dual Wield","Clash"],"picked":"Clothesline","floor":18},{"not_picked":["Thunderclap","Perfected Strike"],"picked":"Limit Break","floor":21},{"not_picked":["Twin Strike","Second Wind"],"picked":"Flex","floor":22}],"player_experience":9696,"potions_floor_usage":[16],"damage_taken":[{"damage":3,"enemies":"Jaw Worm","floor":1,"turns":3},{"damage":0,"enemies":"Cultist","floor":7,"turns":2},{"damage":5,"enemies":"Small Slimes","floor":8,"turns":2},{"damage":15,"enemies":"Looter","floor":11,"turns":3},{"damage":15,"enemies":"Large Slime","floor":12,"turns":3},{"damage":13,"enemies":"Lagavulin","floor":14,"turns":3},{"damage":44,"enemies":"Hexaghost","floor":16,"turns":8},{"damage":22,"enemies":"Spheric Guardian","floor":18,"turns":4},{"damage":31,"enemies":"3 Byrds","floor":21,"turns":4},{"damage":6,"enemies":"Snecko","floor":22,"turns":3},{"damage":76,"enemies":"3 Cultists","floor":24,"turns":6}],"event_choices":[{"event_name":"Golden Shrine","player_choice":"Desecrate","floor":3,"damage_taken":0},{"event_name":"Big Fish","player_choice":"Donut","floor":4,"damage_taken":0},{"event_name":"Accursed Blacksmith","player_choice":"Rummage","floor":10,"damage_taken":0},{"event_name":"Addict","player_choice":"Obtained Relic","floor":19,"damage_taken":0},{"event_name":"The Mausoleum","player_choice":"Yes","floor":20,"damage_taken":0}],"boss_relics":[{"not_picked":["Tiny House","Astrolabe"],"picked":"Orrery"}],"potions_floor_spawned":[1,7,21,22],"seed_played":"-4958918756599031360","killed_by":"3 Cultists","ascension_level":0,"is_trial":false}