{"path_per_floor":["M","M","$","?","?","E","?","?","T","R","M","$","T","M","R","B",null,"M","M","?","?","M","R","?","R","T","E","M","$","T","$","R","B",null,"M","M","?","M","M","R","M","R","T","M","M","M","?","$","R","B"],"character_chosen":"IRONCLAD","items_purchased":["Inflame","Intimidate","Inflame","Bottled Lightning","Vajra","Toolbox","Blood for Blood","Disarm","Thunderclap"],"gold_per_floor":[109,125,18,18,18,52,52,111,164,164,179,97,124,137,137,241,241,256,273,273,188,199,199,233,233,259,291,306,67,147,4,4,106,106,116,136,358,378,391,391,410,410,410,427,441,461,461,53,53,53],"floor_reached":51,"campfire_rested":2,"playtime":2903,"current_hp_per_floor":[79,78,78,83,85,49,49,13,13,55,55,55,55,46,46,22,92,78,57,57,57,35,77,91,91,91,77,60,60,60,60,60,51,92,92,86,86,78,79,79,79,79,79,78,61,41,80,80,80,8],"items_purged":[],"gold":53,"score":692,"play_id":"03dbc1c7-ce50-4dd0-86fe-7b99533072a5","local_time":"20180518010140","is_prod":false,"is_daily":false,"chose_seed":false,"is_ascension_mode":false,"campfire_upgraded":6,"timestamp":1526583700,"path_taken":["M","M","$","?","?","E","?","?","T","R","M","$","?","M","R","BOSS","M","M","?","?","M","R","?","R","T","E","M","$","?","?","R","BOSS","M","M","?","?","M","R","M","R","T","M","M","?","?","$","R","BOSS"],"build_version":"2018-05-10","seed_source_timestamp":669340747400,"purchased_purges":1,"victory":true,"master_deck":["Strike_R","Strike_R","Strike_R","Strike_R","Strike_R","Defend_R","Defend_R","Defend_R","Defend_R+1","Bash","Body Slam+1","Iron Wave","Inflame+1","Infernal Blade","Disarm+1","Inflame","Armaments+1","Reaper","Sever Soul","Whirlwind+1","Warcry","Cleave+1","Metallicize+1","Rampage+1","Limit Break+1","Carnage+1","Carnage","Iron Wave+1","Heavy Blade+1","Perfected Strike","Sever Soul","Headbutt","Blood for Blood","Disarm","Thunderclap"],"max_hp_per_floor":[80,80,80,85,85,85,85,92,92,92,92,92,92,92,92,92,92,92,92,92,92,92,92,92,92,92,92,92,92,92,92,92,92,92,92,92,92,92,92,92,92,92,92,92,92,92,80,80,80,80],"relics":["Mark of Pain","Dodecahedron","Strawberry","Regal Pillow","Ancient Tea Set","Velvet Choker","Oddly Smooth Stone","Red Mask","Happy Flower","War Paint","Bottled Lightning","Gremlin Horn","Vajra","White Beast Statue","Pantograph","Toolbox"],"card_choices":[{"not_picked":["Anger","Sever Soul"],"picked":"Body Slam","floor":1},{"not_picked":["Hemokinesis","Bloodletting"],"picked":"Iron Wave","floor":2},{"not_picked":["Clash","Corruption"],"picked":"Infernal Blade","floor":6},{"not_picked":["Cleave","Bloodletting"],"picked":"Disarm","floor":11},{"not_picked":["Clash","Twin Strike"],"picked":"Armaments","floor":14},{"not_picked":["Dark Embrace","Fiend Fire"],"picked":"Reaper","floor":16},{"not_picked":["Thunderclap","Body Slam"],"picked":"Sever Soul","floor":18},{"not_picked":["Sword Boomerang","Headbutt"],"picked":"Whirlwind","floor":19},{"not_picked":["Shrug It Off","Second Wind"],"picked":"Cleave","floor":22},{"not_picked":["True Grit","Headbutt"],"picked":"Metallicize","floor":24},{"not_picked":["Power Through","Intimidate"],"picked":"Rampage","floor":28},{"not_picked":["Double Tap","Impervious"],"picked":"Limit Break","floor":33},{"not_picked":["Rage","Dropkick"],"picked":"Carnage","floor":35},{"not_picked":["Thunderclap","Seeing Red"],"picked":"Carnage","floor":36},{"not_picked":["True Grit","Battle Trance"],"picked":"Iron Wave","floor":39},{"not_picked":["Hemokinesis","Second Wind"],"picked":"Heavy Blade","floor":41},{"not_picked":["Flex","Ghostly Armor"],"picked":"Perfected Strike","floor":44},{"not_picked":["Berserk","Shrug It Off"],"picked":"Sever Soul","floor":45},{"not_picked":["Reckless Charge","Rampage"],"picked":"Headbutt","floor":46}],"player_experience":29301,"potions_floor_usage":[8,16,22,27,33,39,44,44,50],"damage_taken":[{"damage":1,"enemies":"Jaw Worm","floor":1,"turns":3},{"damage":1,"enemies":"Cultist","floor":2,"turns":3},{"damage":36,"enemies":"Lagavulin","floor":6,"turns":8},{"damage":43,"enemies":"Lagavulin Event","floor":8,"turns":6},{"damage":0,"enemies":"Small Slimes","floor":11,"turns":2},{"damage":9,"enemies":"2 Fungi Beasts","floor":14,"turns":4},{"damage":24,"enemies":"The Guardian","floor":16,"turns":10},{"damage":14,"enemies":"3 Byrds","floor":18,"turns":7},{"damage":21,"enemies":"Shell Parasite","floor":19,"turns":4},{"damage":26,"enemies":"Sentry and Sphere","floor":22,"turns":4},{"damage":0,"enemies":"Masked Bandits","floor":24,"turns":2},{"damage":28,"enemies":"Slavers","floor":27,"turns":5},{"damage":17,"enemies":"Snecko","floor":28,"turns":5},{"damage":18,"enemies":"Collector","floor":33,"turns":6},{"damage":0,"enemies":"3 Darklings","floor":35,"turns":2},{"damage":6,"enemies":"Orb Walker","floor":36,"turns":4},{"damage":8,"enemies":"3 Darklings","floor":38,"turns":2},{"damage":23,"enemies":"4 Shapes","floor":39,"turns":4},{"damage":0,"enemies":"Sphere and 2 Shapes","floor":41,"turns":1},{"damage":19,"enemies":"Maw","floor":44,"turns":7},{"damage":17,"enemies":"3 Darklings","floor":45,"turns":4},{"damage":20,"enemies":"Sphere and 2 Shapes","floor":46,"turns":4},{"damage":98,"enemies":"Time Eater","floor":50,"turns":12}],"event_choices":[{"event_name":"Big Fish","player_choice":"Donut","floor":4,"damage_taken":0},{"event_name":"Bonfire Elementals","player_choice":"UNCOMMON","floor":5,"damage_taken":0},{"event_name":"Living Wall","player_choice":"Grow","floor":7,"damage_taken":0},{"event_name":"Dead Adventurer","player_choice":"Searched \u00272\u0027 times","floor":8,"damage_taken":0},{"event_name":"Match and Keep!","player_choice":"1 cards matched","floor":20,"damage_taken":0},{"event_name":"Addict","player_choice":"Obtained Relic","floor":21,"damage_taken":0},{"event_name":"Masked Bandits","player_choice":"Fought over 199 gold","floor":24,"damage_taken":0},{"event_name":"Tomb of Lord Red Mask","player_choice":"Wore Mask","floor":37,"damage_taken":0},{"event_name":"The Moai Head","player_choice":"Heal","floor":47,"damage_taken":0}],"boss_relics":[{"not_picked":["Calling Bell","Lizard Tail"],"picked":"Velvet Choker"},{"not_picked":["Runic Dome","Runic Cube"],"picked":"White Beast Statue"}],"potions_floor_spawned":[6,8,11,16,19,22,35,36,38,39,41,44,45,46],"seed_played":"6514235750124101789","ascension_level":0,"is_trial":false}