{"path_per_floor":["M","?","M","?","M","E","R","?","T","M","R","M","?","M","R","B",null,"M","$","M","?","M","R","E","R","T","R","?","E","R","?","R","B",null,"M","?","$","?","M","R","M","R","T","E","R","?","$","M","R","B"],"character_chosen":"IRONCLAD","items_purchased":["Inflame","Heavy Blade","Anchor","Blind","Toxic Egg 2","Pantograph","Carnage","Inflame"],"gold_per_floor":[113,113,125,125,138,166,166,166,166,180,180,193,268,282,282,380,380,398,43,60,60,73,73,105,105,105,105,105,138,138,138,138,243,243,260,614,25,25,37,37,47,47,47,75,75,75,5,15,15,15],"floor_reached":51,"campfire_rested":12,"playtime":2965,"current_hp_per_floor":[77,82,82,57,57,43,68,68,68,57,82,75,64,64,85,43,85,74,74,59,59,36,62,25,52,52,79,61,25,54,64,96,19,107,79,55,55,45,37,69,41,73,73,48,80,67,67,41,74,19],"items_purged":[],"gold":15,"score":811,"play_id":"2c17a384-7532-4457-8ece-88c4e1f1b7d4","local_time":"20180519040813","is_prod":false,"is_daily":false,"chose_seed":false,"is_ascension_mode":false,"campfire_upgraded":0,"timestamp":1526681293,"campfire_choices":[{"floor":7,"key":"REST"},{"floor":11,"key":"REST"},{"floor":15,"key":"REST"},{"floor":23,"key":"REST"},{"floor":25,"key":"REST"},{"floor":27,"key":"REST"},{"floor":30,"key":"REST"},{"floor":32,"key":"REST"},{"floor":40,"key":"REST"},{"floor":42,"key":"REST"},{"floor":45,"key":"REST"},{"floor":49,"key":"REST"}],"path_taken":["M","?","?","?","M","E","R","?","T","M","R","?","?","M","R","BOSS","M","$","M","?","M","R","E","R","T","R","?","E","R","?","R","BOSS","M","?","$","?","M","R","?","R","T","E","R","?","$","M","R","BOSS"],"build_version":"2018-05-17","seed_source_timestamp":98187870935600,"purchased_purges":0,"victory":true,"master_deck":["Strike_R","Strike_R","Strike_R","Strike_R","Strike_R","Defend_R","Defend_R","Defend_R","Defend_R","Bash","Twin Strike","Armaments","Iron Wave","Flex+1","Pummel","Twin Strike","Infernal Blade","Limit Break","Flex","Feed","Shrug It Off+1","Inflame","Heavy Blade","Blind","Twin Strike","Sword Boomerang+1","Armaments+1","Flex","Intimidate","Cleave","Infernal Blade+1","Double Tap","Spot Weakness+1","Armaments+1","Carnage","Good Instincts+1","Dark Shackles+1","Finesse+1","Armaments+1","Sword Boomerang+1","Thunderclap","Twin Strike","Cleave+1","Madness+1","Madness+1","Inflame","Armaments+1","Dual Wield+1"],"max_hp_per_floor":[80,85,85,85,85,85,85,85,85,85,85,85,85,85,85,85,85,88,88,88,88,88,88,92,92,92,92,97,97,97,107,107,107,107,107,107,107,107,107,107,107,107,107,107,107,107,107,111,111,111],"relics":["Mark of Pain","Unceasing Top","Dream Catcher","Bird Faced Urn","Lizard Tail","Anchor","Happy Flower","Sundial","Bottled Flame","Pear","Philosopher\u0027s Stone","Old Coin","Toxic Egg 2","Pantograph","Centennial Puzzle","Blood Vial"],"card_choices":[{"not_picked":["Disarm","True Grit"],"picked":"Twin Strike","floor":1},{"not_picked":["Perfected Strike","Clothesline"],"picked":"Armaments","floor":3},{"not_picked":["Thunderclap","Pommel Strike"],"picked":"Iron Wave","floor":5},{"not_picked":["Sever Soul","Intimidate"],"picked":"Flex","floor":6},{"not_picked":["Entrench","Havoc"],"picked":"Pummel","floor":7},{"not_picked":["Pommel Strike","Reckless Charge"],"picked":"Twin Strike","floor":10},{"not_picked":["Whirlwind","True Grit"],"picked":"Infernal Blade","floor":11},{"not_picked":["Bloodletting","Infernal Blade"],"picked":"Limit Break","floor":12},{"not_picked":["Thunderclap","Feel No Pain","Iron Wave"],"picked":"SKIP","floor":14},{"not_picked":["Intimidate","Carnage"],"picked":"Flex","floor":15},{"not_picked":["Dark Embrace","Brutality"],"picked":"Feed","floor":16},{"not_picked":["Thunderclap","Pommel Strike"],"picked":"Shrug It Off+1","floor":18},{"not_picked":["Havoc","Perfected Strike","Body Slam+1"],"picked":"SKIP","floor":20},{"not_picked":["Pommel Strike+1","Body Slam+1"],"picked":"Twin Strike","floor":22},{"not_picked":["Clothesline","Battle Trance+1"],"picked":"Sword Boomerang+1","floor":23},{"not_picked":["Thunderclap","Clash+1"],"picked":"Armaments+1","floor":24},{"not_picked":["Dropkick+1","Sword Boomerang+1"],"picked":"Flex","floor":27},{"not_picked":["Sentinel+1","True Grit"],"picked":"Intimidate","floor":29},{"not_picked":["Warcry","Flame Barrier"],"picked":"Cleave","floor":30},{"not_picked":["Anger","Entrench"],"picked":"Infernal Blade+1","floor":32},{"not_picked":["Dark Embrace","Immolate"],"picked":"Double Tap","floor":33},{"not_picked":["Warcry","Searing Blow"],"picked":"Spot Weakness+1","floor":35},{"not_picked":["Evolve+1","Pommel Strike"],"picked":"Armaments+1","floor":36},{"not_picked":["Jack Of All Trades","Blind"],"picked":"Good Instincts","floor":38},{"not_picked":["Panacea","Deep Breath"],"picked":"Dark Shackles","floor":38},{"not_picked":["Blind","Swift Strike"],"picked":"Finesse","floor":38},{"not_picked":["Uppercut+1","Iron Wave"],"picked":"Armaments+1","floor":39},{"not_picked":["Blood for Blood","Burning Pact+1"],"picked":"Sword Boomerang+1","floor":40},{"not_picked":["Bloodletting+1","Thunderclap","Shockwave+1"],"picked":"SKIP","floor":41},{"not_picked":["Blood for Blood","Corruption"],"picked":"Thunderclap","floor":42},{"not_picked":["Burning Pact+1","Exhume+1"],"picked":"Twin Strike","floor":44},{"not_picked":["Headbutt+1","Clash+1"],"picked":"Cleave+1","floor":45},{"not_picked":["Headbutt+1","True Grit+1"],"picked":"Armaments+1","floor":48},{"not_picked":["Sentinel+1","True Grit+1"],"picked":"Dual Wield+1","floor":49}],"player_experience":39399,"potions_floor_usage":[6,6,16,22,22,33,39,41,50],"damage_taken":[{"damage":3,"enemies":"Jaw Worm","floor":1,"turns":3},{"damage":0,"enemies":"2 Louse","floor":3,"turns":2},{"damage":0,"enemies":"Cultist","floor":5,"turns":3},{"damage":26,"enemies":"Lagavulin","floor":6,"turns":4},{"damage":11,"enemies":"Gremlin Gang","floor":10,"turns":4},{"damage":7,"enemies":"2 Fungi Beasts","floor":12,"turns":4},{"damage":0,"enemies":"Looter","floor":14,"turns":3},{"damage":42,"enemies":"The Guardian","floor":16,"turns":8},{"damage":14,"enemies":"Shell Parasite","floor":18,"turns":4},{"damage":17,"enemies":"Spheric Guardian","floor":20,"turns":4},{"damage":33,"enemies":"Centurion and Healer","floor":22,"turns":5},{"damage":43,"enemies":"Slavers","floor":24,"turns":5},{"damage":38,"enemies":"Gremlin Leader","floor":29,"turns":7},{"damage":79,"enemies":"Champ","floor":33,"turns":10},{"damage":28,"enemies":"3 Darklings","floor":35,"turns":4},{"damage":26,"enemies":"Mysterious Sphere","floor":36,"turns":4},{"damage":10,"enemies":"Orb Walker","floor":39,"turns":3},{"damage":32,"enemies":"Sphere and 2 Shapes","floor":41,"turns":4},{"damage":27,"enemies":"2 Orb Walkers","floor":44,"turns":4},{"damage":36,"enemies":"Maw","floor":48,"turns":6},{"damage":149,"enemies":"Time Eater","floor":50,"turns":12}],"relics_obtained":[{"floor":6,"key":"Dream Catcher"},{"floor":9,"key":"Bird Faced Urn"},{"floor":24,"key":"Happy Flower"},{"floor":26,"key":"Sundial"},{"floor":29,"key":"Bottled Flame"},{"floor":36,"key":"Old Coin"},{"floor":43,"key":"Centennial Puzzle"},{"floor":44,"key":"Blood Vial"}],"event_choices":[{"event_name":"Big Fish","player_choice":"Donut","floor":2,"damage_taken":0},{"event_name":"Scrap Ooze","player_choice":"success","floor":4,"damage_taken":25},{"event_name":"Upgrade Shrine","player_choice":"Upgraded","floor":8,"damage_taken":0},{"event_name":"World of Goop","player_choice":"Gather Gold","floor":13,"damage_taken":0},{"event_name":"Ghosts","player_choice":"Ignored","floor":21,"damage_taken":0},{"event_name":"Forgotten Altar","player_choice":"Shed Blood","floor":28,"damage_taken":0},{"event_name":"Wheel of Change","player_choice":"Relic","floor":31,"damage_taken":0},{"event_name":"Mysterious Sphere","player_choice":"Fight","floor":36,"damage_taken":0},{"event_name":"SensoryStone","player_choice":"Memory 3","floor":38,"damage_taken":0},{"event_name":"Winding Halls","player_choice":"Embrace Madness","floor":46,"damage_taken":0}],"boss_relics":[{"not_picked":["Snecko Eye","Black Star"],"picked":"Lizard Tail"},{"not_picked":["Eternal Feather","Runic Cube"],"picked":"Philosopher\u0027s Stone"}],"potions_floor_spawned":[1,3,12,14,20,29,35,39,48],"seed_played":"959034302703972336","ascension_level":0,"potions_obtained":[{"floor":1,"key":"Regen Potion"},{"floor":3,"key":"AttackPotion"},{"floor":12,"key":"BloodPotion"},{"floor":14,"key":"GamblersBrew"},{"floor":20,"key":"FearPotion"},{"floor":29,"key":"SkillPotion"},{"floor":35,"key":"Strength Potion"},{"floor":39,"key":"PowerPotion"},{"floor":48,"key":"Block Potion"}],"is_trial":false}