{"path_per_floor":["M","M","$","?","M","R","M","M","T","$","M","M","M","?","R","B",null,"M","M","$","?","M","R","E","$","T","M","M","T","R","M","R","B",null,"M","M","M","$","M","R","$","?","T","M","E","R","M","M","R"],"character_chosen":"IRONCLAD","items_purchased":["Flex","Heavy Blade","Metallicize","Clash","Pummel","Sword Boomerang","Singing Bowl","Flex","Metallicize","Sword Boomerang","Pummel"],"gold_per_floor":[210,221,46,46,63,63,83,94,94,68,78,92,105,164,164,263,263,273,283,36,36,53,53,87,39,39,50,62,62,62,72,72,169,169,182,201,221,24,42,42,42,42,42,62,91,91,108,123,123,123],"floor_reached":50,"campfire_rested":6,"playtime":2746,"item_purchase_floors":[3,3,3,10,20,20,20,25,38,38,38],"current_hp_per_floor":[80,77,77,70,75,75,76,71,71,71,67,73,79,75,75,61,80,58,62,62,62,20,59,47,47,47,49,29,29,69,66,91,15,93,72,68,37,37,34,78,78,97,97,73,30,75,62,46,91,0],"items_purged":[],"gold":123,"score":542,"play_id":"542fc718-7558-4ea6-ae7a-6beff4132774","local_time":"20180529004253","is_prod":false,"is_daily":false,"chose_seed":false,"is_ascension_mode":false,"campfire_upgraded":2,"win_rate":0,"timestamp":1527532973,"campfire_choices":[{"data":"Heavy Blade","floor":6,"key":"SMITH"},{"data":"Whirlwind","floor":15,"key":"SMITH"},{"floor":23,"key":"REST"},{"floor":30,"key":"REST"},{"floor":32,"key":"REST"},{"floor":40,"key":"REST"},{"floor":46,"key":"REST"},{"floor":49,"key":"REST"}],"path_taken":["M","M","$","?","M","R","M","M","T","$","M","M","M","?","R","BOSS","M","?","$","?","M","R","E","?","T","M","?","?","R","M","R","BOSS","M","M","M","$","M","R","$","?","T","M","E","R","M","M","R","BOSS"],"build_version":"2018-05-24","seed_source_timestamp":9233854244600,"purchased_purges":0,"victory":false,"master_deck":["Strike_R","Strike_R","Strike_R","Strike_R","Strike_R","Defend_R","Defend_R","Defend_R","Defend_R","Bash","Headbutt","Flex","Heavy Blade+1","Metallicize","Heavy Blade","Sword Boomerang","Twin Strike","Clash","Whirlwind+1","Demon Form","Rampage","Headbutt+1","Iron Wave","Pummel","Sword Boomerang","Dual Wield","Metallicize+1","Flex","Iron Wave","Heavy Blade","Pummel","Metallicize","Sword Boomerang","Pummel","Writhe","Flex"],"max_hp_per_floor":[80,80,80,80,80,80,80,80,80,80,80,80,80,80,80,80,80,80,80,80,80,82,82,82,82,82,84,84,84,84,91,91,93,93,93,95,95,95,97,97,97,97,97,99,101,101,103,103,103,103],"relics":["Burning Blood","Matryoshka","Happy Flower","Bottled Lightning","Regal Pillow","Lizard Tail","Singing Bowl","Lantern","Orichalcum","Ginger","Shuriken","Sozu","Kunai","The Courier"],"card_choices":[{"not_picked":["Power Through","Wild Strike","Clothesline"],"picked":"SKIP","floor":1},{"not_picked":["Cleave","Feel No Pain"],"picked":"Headbutt","floor":2},{"not_picked":["True Grit","Shrug It Off"],"picked":"Heavy Blade","floor":5},{"not_picked":["Evolve","Perfected Strike"],"picked":"Sword Boomerang","floor":7},{"not_picked":["Uppercut","Armaments"],"picked":"Twin Strike","floor":8},{"not_picked":["Armaments","Twin Strike"],"picked":"Whirlwind","floor":11},{"not_picked":["Twin Strike","Body Slam"],"picked":"Demon Form","floor":12},{"not_picked":["Anger","Warcry","Entrench"],"picked":"SKIP","floor":13},{"not_picked":["Evolve","Anger"],"picked":"Rampage","floor":14},{"not_picked":["Fiend Fire","Berserk"],"picked":"Immolate","floor":16},{"not_picked":["Rampage","Clothesline"],"picked":"Headbutt+1","floor":18},{"not_picked":["Feel No Pain","Reckless Charge+1"],"picked":"Iron Wave","floor":19},{"not_picked":["Shrug It Off+1","Anger","True Grit"],"picked":"Singing Bowl","floor":22},{"not_picked":["Shockwave+1","Blood for Blood"],"picked":"Metallicize+1","floor":24},{"not_picked":["Battle Trance","Disarm","Intimidate"],"picked":"Singing Bowl","floor":27},{"not_picked":["Clothesline+1","Combust"],"picked":"Iron Wave","floor":28},{"not_picked":["Havoc+1","Dark Embrace","Shockwave"],"picked":"Singing Bowl","floor":31},{"not_picked":["Bludgeon","Immolate","Impervious"],"picked":"Singing Bowl","floor":33},{"not_picked":["Headbutt+1","Clothesline+1"],"picked":"Heavy Blade","floor":35},{"not_picked":["Iron Wave","Dual Wield","Dropkick"],"picked":"Singing Bowl","floor":36},{"not_picked":["Dropkick+1","Headbutt"],"picked":"Pummel","floor":37},{"not_picked":["Flame Barrier","Shrug It Off+1","Dual Wield+1"],"picked":"Singing Bowl","floor":39},{"not_picked":["Cleave+1","Armaments","Iron Wave"],"picked":"Singing Bowl","floor":44},{"not_picked":["Iron Wave","Fire Breathing","Power Through"],"picked":"Singing Bowl","floor":45},{"not_picked":["Dropkick","Headbutt","Pommel Strike+1"],"picked":"Singing Bowl","floor":47},{"not_picked":["Cleave+1","Entrench"],"picked":"Flex","floor":48}],"player_experience":101565,"potions_floor_usage":[14,14,14,24,24,31,39,45],"damage_taken":[{"damage":5,"enemies":"Small Slimes","floor":1,"turns":3},{"damage":9,"enemies":"2 Louse","floor":2,"turns":3},{"damage":1,"enemies":"Jaw Worm","floor":5,"turns":3},{"damage":5,"enemies":"2 Fungi Beasts","floor":7,"turns":4},{"damage":11,"enemies":"Red Slaver","floor":8,"turns":3},{"damage":10,"enemies":"Gremlin Gang","floor":11,"turns":4},{"damage":0,"enemies":"Exordium Thugs","floor":12,"turns":3},{"damage":0,"enemies":"3 Louse","floor":13,"turns":1},{"damage":18,"enemies":"Lagavulin Event","floor":14,"turns":5},{"damage":20,"enemies":"Slime Boss","floor":16,"turns":7},{"damage":28,"enemies":"2 Thieves","floor":18,"turns":4},{"damage":2,"enemies":"Spheric Guardian","floor":19,"turns":3},{"damage":50,"enemies":"Cultist and Chosen","floor":22,"turns":9},{"damage":81,"enemies":"Book of Stabbing","floor":24,"turns":6},{"damage":6,"enemies":"3 Cultists","floor":27,"turns":5},{"damage":26,"enemies":"Snake Plant","floor":28,"turns":4},{"damage":16,"enemies":"Cultist and Chosen","floor":31,"turns":5},{"damage":84,"enemies":"Collector","floor":33,"turns":8},{"damage":27,"enemies":"3 Darklings","floor":35,"turns":5},{"damage":12,"enemies":"Orb Walker","floor":36,"turns":3},{"damage":37,"enemies":"4 Shapes","floor":37,"turns":4},{"damage":11,"enemies":"3 Darklings","floor":39,"turns":3},{"damage":32,"enemies":"Maw","floor":44,"turns":7},{"damage":51,"enemies":"2 Orb Walkers","floor":45,"turns":4},{"damage":21,"enemies":"Sphere and 2 Shapes","floor":47,"turns":4},{"damage":22,"enemies":"3 Darklings","floor":48,"turns":4},{"damage":98,"enemies":"Time Eater","floor":50,"turns":8}],"relics_obtained":[{"floor":9,"key":"Happy Flower"},{"floor":9,"key":"Bottled Lightning"},{"floor":14,"key":"Regal Pillow"},{"floor":24,"key":"Lantern"},{"floor":26,"key":"Orichalcum"},{"floor":26,"key":"Ginger"},{"floor":29,"key":"Shuriken"},{"floor":43,"key":"Kunai"},{"floor":45,"key":"The Courier"}],"event_choices":[{"event_name":"Scrap Ooze","player_choice":"success","floor":4,"damage_taken":7},{"event_name":"Dead Adventurer","player_choice":"Searched \u00271\u0027 times","floor":14,"damage_taken":0},{"event_name":"Transmorgrifier","player_choice":"Transform","floor":21,"damage_taken":0},{"event_name":"Winding Halls","player_choice":"Writhe","floor":42,"damage_taken":0}],"boss_relics":[{"not_picked":["Runic Pyramid","Eternal Feather"],"picked":"Lizard Tail"},{"not_picked":["Runic Cube","Runic Dome"],"picked":"Sozu"}],"items_purged_floors":[],"potions_floor_spawned":[1,12,13,14,16,19,28,33,37,39,47],"seed_played":"4733262251195033160","killed_by":"Time Eater","ascension_level":0,"potions_obtained":[{"floor":1,"key":"Weak Potion"},{"floor":12,"key":"GamblersBrew"},{"floor":13,"key":"Regen Potion"},{"floor":14,"key":"Strength Potion"},{"floor":16,"key":"BloodPotion"},{"floor":19,"key":"Explosive Potion"},{"floor":28,"key":"Fruit Juice"},{"floor":33,"key":"PowerPotion"}],"is_trial":false}