{"path_per_floor":["M","M","$","?","?","?","E","?","T","M","?","$","M","M","R"],"character_chosen":"IRONCLAD","items_purchased":["Armaments","Body Slam","Rupture"],"gold_per_floor":[114,124,23,23,23,23,51,51,74,87,262,151,164,180,180,180],"floor_reached":16,"campfire_rested":0,"playtime":727,"current_hp_per_floor":[80,80,80,80,80,85,66,66,66,72,72,72,62,60,60,29],"items_purged":["Doubt"],"gold":180,"score":100,"play_id":"37343d8f-3fdb-4706-a2de-2125b90198ad","local_time":"20180522224437","is_prod":false,"is_daily":false,"chose_seed":false,"is_ascension_mode":false,"campfire_upgraded":1,"timestamp":1527007477,"campfire_choices":[{"data":"Pommel Strike","floor":15,"key":"SMITH"}],"path_taken":["M","M","$","?","?","?","E","?","T","M","?","$","M","M","R","BOSS"],"build_version":"2018-05-17","seed_source_timestamp":4122414416100,"purchased_purges":1,"victory":false,"master_deck":["Strike_R","Strike_R","Strike_R","Strike_R","Strike_R","Defend_R","Defend_R","Defend_R","Defend_R","Bash","Pummel","Headbutt","Armaments","Body Slam+1","Heavy Blade","Sword Boomerang","Rupture","Ghostly Armor","Pommel Strike+1"],"max_hp_per_floor":[80,80,80,80,80,85,85,85,85,85,85,85,85,85,85,85],"relics":["Burning Blood","Anchor","Bottled Lightning","Juzu Bracelet"],"card_choices":[{"not_picked":["Twin Strike","Carnage"],"picked":"Pummel","floor":1},{"not_picked":["Clothesline","Perfected Strike"],"picked":"Headbutt","floor":2},{"not_picked":["Wild Strike","Sword Boomerang"],"picked":"Heavy Blade","floor":7},{"not_picked":["Clash","Fiend Fire"],"picked":"Sword Boomerang","floor":10},{"not_picked":["Armaments","Perfected Strike"],"picked":"Ghostly Armor","floor":13},{"not_picked":["Rupture","Wild Strike"],"picked":"Pommel Strike","floor":14}],"player_experience":78781,"potions_floor_usage":[7,16],"damage_taken":[{"damage":6,"enemies":"Cultist","floor":1,"turns":3},{"damage":0,"enemies":"Small Slimes","floor":2,"turns":3},{"damage":25,"enemies":"Gremlin Nob","floor":7,"turns":5},{"damage":0,"enemies":"Jaw Worm","floor":10,"turns":2},{"damage":16,"enemies":"Exordium Wildlife","floor":13,"turns":4},{"damage":8,"enemies":"Lots of Slimes","floor":14,"turns":6},{"damage":31,"enemies":"The Guardian","floor":16,"turns":9}],"relics_obtained":[{"floor":7,"key":"Bottled Lightning"},{"floor":9,"key":"Juzu Bracelet"}],"event_choices":[{"event_name":"The Cleric","player_choice":"Leave","floor":4,"damage_taken":0},{"event_name":"Golden Wing","player_choice":"Ignored","floor":5,"damage_taken":0},{"event_name":"Big Fish","player_choice":"Donut","floor":6,"damage_taken":0},{"event_name":"Living Wall","player_choice":"Grow","floor":8,"damage_taken":0},{"event_name":"Liars Game","player_choice":"agreed","floor":11,"damage_taken":0}],"boss_relics":[],"potions_floor_spawned":[1,7],"seed_played":"1341030545318598093","killed_by":"The Guardian","ascension_level":0,"potions_obtained":[{"floor":1,"key":"Weak Potion"},{"floor":7,"key":"AttackPotion"}],"is_trial":false}