{"path_per_floor":["M","M","?","M","$","E","?","$","T","E","M","$","R","M","R"],"character_chosen":"IRONCLAD","items_purchased":["Iron Wave","Rage","Carnage","Metallicize","Shrug It Off"],"gold_per_floor":[110,126,201,219,100,135,135,56,82,110,121,0,0,14,14,14],"floor_reached":16,"campfire_rested":1,"playtime":1007,"item_purchase_floors":[5,5,8,12,12],"current_hp_per_floor":[80,80,69,74,74,69,69,69,69,49,55,55,55,48,72,0],"items_purged":[],"gold":14,"score":110,"play_id":"6a20bf45-01fc-4254-b892-812c25aef3c4","local_time":"20180527232253","is_prod":false,"is_daily":false,"chose_seed":false,"is_ascension_mode":false,"campfire_upgraded":1,"win_rate":0,"timestamp":1527441773,"campfire_choices":[{"data":"Body Slam","floor":13,"key":"SMITH"},{"floor":15,"key":"REST"}],"path_taken":["M","M","?","M","$","E","?","$","T","E","M","$","R","M","R","BOSS"],"build_version":"2018-05-24","seed_source_timestamp":260596622170500,"purchased_purges":0,"victory":false,"master_deck":["Strike_R","Strike_R","Strike_R","Strike_R","Strike_R","Defend_R","Defend_R","Defend_R","Defend_R","Immolate","Flame Barrier","Armaments","Iron Wave","Rage","Feel No Pain","Carnage","Iron Wave","Body Slam+1","Metallicize","Shrug It Off","Intimidate"],"max_hp_per_floor":[80,80,80,80,80,80,80,80,80,80,80,80,80,80,80,80],"relics":["Burning Blood","Lantern","Pen Nib","Shovel"],"card_choices":[{"not_picked":["Flex","Fire Breathing"],"picked":"Flame Barrier","floor":1},{"not_picked":["Headbutt","Perfected Strike"],"picked":"Armaments","floor":2},{"not_picked":["Uppercut","Perfected Strike","Wild Strike"],"picked":"SKIP","floor":4},{"not_picked":["Wild Strike","Blood for Blood","Power Through"],"picked":"SKIP","floor":6},{"not_picked":["Twin Strike","Power Through"],"picked":"Iron Wave","floor":10},{"not_picked":["True Grit","Warcry"],"picked":"Body Slam","floor":11},{"not_picked":["Clothesline","Anger"],"picked":"Intimidate","floor":14}],"player_experience":99293,"potions_floor_usage":[10,10,16],"damage_taken":[{"damage":0,"enemies":"2 Louse","floor":1,"turns":1},{"damage":6,"enemies":"Jaw Worm","floor":2,"turns":4},{"damage":1,"enemies":"Cultist","floor":4,"turns":3},{"damage":11,"enemies":"3 Sentries","floor":6,"turns":7},{"damage":26,"enemies":"Lagavulin","floor":10,"turns":7},{"damage":0,"enemies":"Looter","floor":11,"turns":2},{"damage":13,"enemies":"Exordium Thugs","floor":14,"turns":6},{"damage":74,"enemies":"Hexaghost","floor":16,"turns":16}],"relics_obtained":[{"floor":6,"key":"Lantern"},{"floor":9,"key":"Pen Nib"},{"floor":10,"key":"Shovel"}],"event_choices":[{"event_name":"World of Goop","player_choice":"Gather Gold","floor":3,"damage_taken":0},{"event_name":"Transmorgrifier","player_choice":"Transform","floor":7,"damage_taken":0}],"boss_relics":[],"items_purged_floors":[],"potions_floor_spawned":[1,2,14],"seed_played":"-2674766509625496311","killed_by":"Hexaghost","ascension_level":0,"potions_obtained":[{"floor":1,"key":"PowerPotion"},{"floor":2,"key":"PowerPotion"},{"floor":14,"key":"Poison Potion"}],"is_trial":false}