{"path_per_floor":["M","$","?","M","M","E","R","M","T","M","R","E","M","?","R","B",null,"M","$","M","M","?","R","E","R","T","E","M","M","?","E","R"],"character_chosen":"IRONCLAD","items_purchased":["Heavy Blade","Dream Catcher"],"gold_per_floor":[114,65,65,77,88,122,122,132,212,231,231,265,277,277,277,378,378,393,241,259,271,271,271,301,301,327,358,376,387,310,345,345,345],"floor_reached":33,"campfire_rested":6,"playtime":2041,"item_purchase_floors":[2,19],"current_hp_per_floor":[79,79,79,80,77,35,59,33,33,45,69,61,49,33,57,28,80,62,62,54,49,49,73,50,74,74,41,45,31,31,41,69,0],"items_purged":[],"gold":345,"score":408,"play_id":"630d8337-c8a4-45b0-a3e1-ee34def9d516","local_time":"20180601000608","is_prod":false,"is_daily":false,"chose_seed":false,"is_ascension_mode":true,"campfire_upgraded":0,"win_rate":0,"timestamp":1527789968,"campfire_choices":[{"floor":7,"key":"REST"},{"floor":11,"key":"REST"},{"floor":15,"key":"REST"},{"floor":23,"key":"REST"},{"floor":25,"key":"REST"},{"floor":32,"key":"REST"}],"path_taken":["M","$","?","M","M","E","R","M","T","M","R","E","M","?","R","BOSS","M","$","M","M","?","R","E","R","T","E","M","M","?","E","R","BOSS"],"build_version":"2018-05-24","seed_source_timestamp":92965820041300,"purchased_purges":0,"victory":false,"master_deck":["Strike_R","Strike_R","Strike_R","Strike_R","Strike_R","Defend_R+1","Defend_R+1","Defend_R","Defend_R","Bash","Pommel Strike","Heavy Blade+1","Pummel","Sword Boomerang","Heavy Blade","Pommel Strike","Flex","Flex","Flex+1","Exhume","Shrug It Off","Iron Wave","Shrug It Off","Flex","Iron Wave","Rampage+1","Shrug It Off+1","Heavy Blade","Headbutt","Heavy Blade+1","Headbutt+1","Flex","Heavy Blade","Sword Boomerang+1","Spot Weakness","J.A.X.","Inflame+1","Flame Barrier+1"],"max_hp_per_floor":[80,80,80,80,80,80,80,80,80,80,80,80,80,80,80,80,80,80,80,80,80,80,80,80,80,80,80,80,80,80,94,94,94],"relics":["Burning Blood","Dead Branch","Meat on the Bone","Bronze Scales","Orrery","Dream Catcher","Pen Nib","Juzu Bracelet","Orichalcum","Mango"],"card_choices":[{"not_picked":["True Grit","Second Wind"],"picked":"Pommel Strike","floor":1},{"not_picked":["Perfected Strike","Corruption"],"picked":"Pummel","floor":4},{"not_picked":["Twin Strike","Clothesline"],"picked":"Sword Boomerang","floor":5},{"not_picked":["Warcry","Feel No Pain"],"picked":"Heavy Blade","floor":6},{"not_picked":["Shockwave","Reckless Charge"],"picked":"Pommel Strike","floor":8},{"not_picked":["Evolve","Burning Pact"],"picked":"Flex","floor":10},{"not_picked":["Clash","Cleave"],"picked":"Flex","floor":12},{"not_picked":["Havoc","Dual Wield"],"picked":"Flex","floor":13},{"not_picked":["Brutality","Bludgeon"],"picked":"Exhume","floor":16},{"not_picked":["Perfected Strike","Clothesline"],"picked":"Shrug It Off","floor":17},{"not_picked":["Intimidate","Shockwave"],"picked":"Iron Wave","floor":17},{"not_picked":["Anger","Fire Breathing"],"picked":"Shrug It Off","floor":17},{"not_picked":["Sever Soul","Iron Wave"],"picked":"Flex","floor":17},{"not_picked":["Perfected Strike","Fire Breathing"],"picked":"Iron Wave","floor":17},{"not_picked":["Feed","Battle Trance"],"picked":"Rampage+1","floor":18},{"not_picked":["Anger","Pummel"],"picked":"Shrug It Off+1","floor":20},{"not_picked":["Iron Wave","Entrench"],"picked":"Heavy Blade","floor":21},{"not_picked":["Anger+1","Armaments"],"picked":"Heavy Blade+1","floor":23},{"not_picked":["Sword Boomerang+1","Pummel"],"picked":"Headbutt+1","floor":24},{"not_picked":["Disarm","Clash+1"],"picked":"Flex","floor":25},{"not_picked":["Dark Embrace","Dropkick"],"picked":"Heavy Blade","floor":27},{"not_picked":["Iron Wave","Anger"],"picked":"Sword Boomerang+1","floor":28},{"not_picked":["Headbutt","Armaments"],"picked":"Spot Weakness","floor":29},{"not_picked":["Limit Break","True Grit"],"picked":"Inflame+1","floor":31},{"not_picked":["Twin Strike","Shrug It Off"],"picked":"Flame Barrier+1","floor":32}],"player_experience":104311,"potions_floor_usage":[12,16,16,24,24,28],"damage_taken":[{"damage":7,"enemies":"Jaw Worm","floor":1,"turns":4},{"damage":2,"enemies":"Small Slimes","floor":4,"turns":4},{"damage":9,"enemies":"2 Louse","floor":5,"turns":2},{"damage":48,"enemies":"Lagavulin","floor":6,"turns":10},{"damage":32,"enemies":"Large Slime","floor":8,"turns":6},{"damage":6,"enemies":"Blue Slaver","floor":10,"turns":3},{"damage":14,"enemies":"Gremlin Nob","floor":12,"turns":3},{"damage":30,"enemies":"Exordium Thugs","floor":13,"turns":5},{"damage":55,"enemies":"Hexaghost","floor":16,"turns":8},{"damage":24,"enemies":"Spheric Guardian","floor":18,"turns":4},{"damage":26,"enemies":"2 Thieves","floor":20,"turns":4},{"damage":23,"enemies":"Snake Plant","floor":21,"turns":3},{"damage":29,"enemies":"Gremlin Leader","floor":24,"turns":6},{"damage":51,"enemies":"Book of Stabbing","floor":27,"turns":5},{"damage":14,"enemies":"Centurion and Healer","floor":28,"turns":5},{"damage":32,"enemies":"Chosen and Byrds","floor":29,"turns":6},{"damage":22,"enemies":"Gremlin Leader","floor":31,"turns":5},{"damage":76,"enemies":"Champ","floor":33,"turns":9}],"relics_obtained":[{"floor":6,"key":"Dead Branch"},{"floor":9,"key":"Meat on the Bone"},{"floor":12,"key":"Bronze Scales"},{"floor":24,"key":"Pen Nib"},{"floor":26,"key":"Juzu Bracelet"},{"floor":27,"key":"Orichalcum"},{"floor":31,"key":"Mango"}],"event_choices":[{"event_name":"Living Wall","player_choice":"Grow","floor":3,"damage_taken":0},{"event_name":"Shining Light","player_choice":"Entered Light","floor":14,"damage_taken":0},{"event_name":"The Library","player_choice":"Read","floor":22,"damage_taken":0},{"event_name":"Drug Dealer","player_choice":"Got JAXXED","floor":30,"damage_taken":0}],"boss_relics":[{"not_picked":["Black Star","Lizard Tail"],"picked":"Orrery"}],"items_purged_floors":[],"potions_floor_spawned":[6,8,13,20,21,24,31],"seed_played":"1351446103241353807","killed_by":"Champ","ascension_level":1,"potions_obtained":[{"floor":6,"key":"BloodPotion"},{"floor":8,"key":"Energy Potion"},{"floor":13,"key":"Energy Potion"},{"floor":20,"key":"Energy Potion"},{"floor":21,"key":"Fire Potion"},{"floor":24,"key":"Fire Potion"},{"floor":31,"key":"SmokeBomb"}],"is_trial":false}