{"path_per_floor":["M","?","M","?","$","R","M","$","T","R","M","?","R","M","R","B",null,"M","?","?","?","M","R","M","$","T","?","M","T","$","M","R","B",null,"M","M","?","?","M","R","E","R","T","M","R","M","?","T","R","B"],"character_chosen":"IRONCLAD","items_purchased":["Iron Wave","Cleave","Whirlwind","Good Instincts","Metallicize","Whirlwind","Metallicize","Armaments"],"gold_per_floor":[113,113,130,380,235,235,246,71,71,71,87,162,162,179,179,284,284,284,284,284,284,284,284,284,133,133,133,133,133,1,1,1,1,1,1,1,1,1,1,1,1,1,1,1,1,1,1,1,1,1],"floor_reached":51,"campfire_rested":3,"playtime":3743,"current_hp_per_floor":[80,80,80,80,80,80,80,80,80,80,80,69,69,75,75,20,80,70,70,70,70,76,76,72,72,72,56,42,42,42,43,68,71,86,86,86,86,76,82,82,63,63,63,42,70,76,76,76,96,23],"items_purged":["Regret"],"gold":1,"score":715,"play_id":"84c2fac4-f8a1-4ec8-b20e-04cbf498f123","local_time":"20180523021751","is_prod":false,"is_daily":false,"chose_seed":false,"is_ascension_mode":false,"campfire_upgraded":7,"timestamp":1527020271,"campfire_choices":[{"data":"Iron Wave","floor":6,"key":"SMITH"},{"data":"Whirlwind","floor":10,"key":"SMITH"},{"data":"Good Instincts","floor":13,"key":"SMITH"},{"data":"Iron Wave","floor":15,"key":"SMITH"},{"data":"Cleave","floor":23,"key":"SMITH"},{"floor":32,"key":"REST"},{"data":"Metallicize","floor":40,"key":"SMITH"},{"data":"Metallicize","floor":42,"key":"SMITH"},{"floor":45,"key":"REST"},{"floor":49,"key":"REST"}],"path_taken":["M","?","M","?","$","R","M","?","T","R","M","?","R","M","R","BOSS","M","?","?","?","M","R","M","$","T","?","M","?","$","?","R","BOSS","M","M","?","?","M","R","E","R","T","?","R","M","?","?","R","BOSS"],"build_version":"2018-05-17","seed_source_timestamp":13893824297900,"purchased_purges":1,"victory":true,"master_deck":["Strike_R+1","Strike_R+1","Strike_R+1","Strike_R+1","Defend_R+1","Defend_R+1","Defend_R+1","Defend_R+1","Bash","Shrug It Off","Ghostly Armor","Iron Wave+1","Cleave+1","Pommel Strike","Whirlwind+1","Good Instincts+1","Iron Wave+1","Feed","Dropkick+1","Shrug It Off","Cleave+1","Metallicize+1","Whirlwind","Armaments","Metallicize+1","Armaments","Armaments","Ghostly Armor+1","Battle Trance+1","Good Instincts","Good Instincts","Mind Blast","Shrug It Off+1","Intimidate+1","Havoc+1","Metallicize+1","Metallicize+1"],"max_hp_per_floor":[80,80,80,80,80,80,80,80,80,80,80,80,80,80,80,80,80,80,80,80,80,83,83,83,83,83,83,86,86,86,86,86,86,86,86,86,86,86,89,89,96,96,96,96,96,96,96,96,96,96],"relics":["Burning Blood","Bottled Lightning","Ectoplasm","Matryoshka","Nilry\u0027s Codex","Bag of Marbles","Oddly Smooth Stone","Sozu","Strawberry","Frozen Egg 2","Bottled Flame","Dodecahedron"],"card_choices":[{"not_picked":["Reckless Charge","Sword Boomerang"],"picked":"Shrug It Off","floor":1},{"not_picked":["Havoc","Combust"],"picked":"Ghostly Armor","floor":3},{"not_picked":["Heavy Blade","Cleave"],"picked":"Pommel Strike","floor":7},{"not_picked":["Spot Weakness","Uppercut"],"picked":"Iron Wave","floor":11},{"not_picked":["Pommel Strike","Flex","Evolve"],"picked":"SKIP","floor":14},{"not_picked":["Immolate","Bludgeon"],"picked":"Feed","floor":16},{"not_picked":["Flex","Uppercut+1"],"picked":"Dropkick+1","floor":18},{"not_picked":["Sword Boomerang","Dropkick"],"picked":"Shrug It Off","floor":22},{"not_picked":["Clothesline","Searing Blow"],"picked":"Cleave+1","floor":24},{"not_picked":["Rage","Offering"],"picked":"Armaments","floor":28},{"not_picked":["Perfected Strike","Warcry"],"picked":"Armaments","floor":31},{"not_picked":["Feel No Pain+1","True Grit"],"picked":"Ghostly Armor+1","floor":35},{"not_picked":["Power Through+1","Warcry+1"],"picked":"Battle Trance+1","floor":36},{"not_picked":["Swift Strike","Trip"],"picked":"Good Instincts","floor":38},{"not_picked":["Secret Weapon","Madness"],"picked":"Good Instincts","floor":38},{"not_picked":["Dramatic Entrance","Secret Weapon"],"picked":"Mind Blast","floor":38},{"not_picked":["Sever Soul+1","Perfected Strike+1"],"picked":"Shrug It Off+1","floor":39},{"not_picked":["Perfected Strike+1","Twin Strike"],"picked":"Intimidate+1","floor":41},{"not_picked":["Clothesline+1","Perfected Strike+1"],"picked":"Havoc+1","floor":44},{"not_picked":["Bludgeon","Perfected Strike"],"picked":"Metallicize+1","floor":46}],"player_experience":79508,"potions_floor_usage":[16,16,24,31,41,44,44],"damage_taken":[{"damage":0,"enemies":"Jaw Worm","floor":1,"turns":3},{"damage":0,"enemies":"Cultist","floor":3,"turns":3},{"damage":0,"enemies":"2 Louse","floor":7,"turns":2},{"damage":0,"enemies":"Lots of Slimes","floor":11,"turns":1},{"damage":0,"enemies":"Large Slime","floor":14,"turns":4},{"damage":61,"enemies":"The Guardian","floor":16,"turns":22},{"damage":16,"enemies":"Shell Parasite","floor":18,"turns":8},{"damage":3,"enemies":"Chosen","floor":22,"turns":3},{"damage":10,"enemies":"Snake Plant","floor":24,"turns":5},{"damage":23,"enemies":"Cultist and Chosen","floor":28,"turns":8},{"damage":5,"enemies":"Centurion and Healer","floor":31,"turns":8},{"damage":3,"enemies":"Champ","floor":33,"turns":17},{"damage":3,"enemies":"3 Shapes","floor":35,"turns":2},{"damage":1,"enemies":"3 Darklings","floor":36,"turns":4},{"damage":3,"enemies":"4 Shapes","floor":39,"turns":4},{"damage":41,"enemies":"Nemesis","floor":41,"turns":8},{"damage":27,"enemies":"Maw","floor":44,"turns":10},{"damage":0,"enemies":"Sphere and 2 Shapes","floor":46,"turns":4},{"damage":79,"enemies":"Time Eater","floor":50,"turns":17}],"relics_obtained":[{"floor":9,"key":"Bottled Lightning"},{"floor":26,"key":"Matryoshka"},{"floor":27,"key":"Nilry\u0027s Codex"},{"floor":29,"key":"Bag of Marbles"},{"floor":29,"key":"Oddly Smooth Stone"},{"floor":41,"key":"Strawberry"},{"floor":43,"key":"Frozen Egg 2"},{"floor":43,"key":"Bottled Flame"},{"floor":48,"key":"Dodecahedron"}],"event_choices":[{"event_name":"Bonfire Elementals","player_choice":"BASIC","floor":2,"damage_taken":0},{"event_name":"Golden Shrine","player_choice":"Desecrate","floor":4,"damage_taken":0},{"event_name":"World of Goop","player_choice":"Gather Gold","floor":12,"damage_taken":0},{"event_name":"Vampires","player_choice":"Ignored","floor":19,"damage_taken":0},{"event_name":"Ghosts","player_choice":"Ignored","floor":20,"damage_taken":0},{"event_name":"Back to Basics","player_choice":"Simplicity","floor":21,"damage_taken":0},{"event_name":"Cursed Tome","player_choice":"Obtained Book","floor":27,"damage_taken":0},{"event_name":"SecretPortal","player_choice":"Rejected Portal.","floor":37,"damage_taken":0},{"event_name":"SensoryStone","player_choice":"Memory 3","floor":38,"damage_taken":0},{"event_name":"Duplicator","player_choice":"One dupe","floor":47,"damage_taken":0}],"boss_relics":[{"not_picked":["Pandora\u0027s Box","Eternal Feather"],"picked":"Ectoplasm"},{"not_picked":["Runic Pyramid","Velvet Choker"],"picked":"Sozu"}],"potions_floor_spawned":[1,7,11,14,18,22,28,33,35,44,46],"seed_played":"-7631297793653022020","ascension_level":0,"potions_obtained":[{"floor":1,"key":"SpeedPotion"},{"floor":7,"key":"Energy Potion"},{"floor":11,"key":"Regen Potion"},{"floor":18,"key":"Energy Potion"},{"floor":22,"key":"EssenceOfSteel"},{"floor":28,"key":"Poison Potion"},{"floor":33,"key":"Swift Potion"}],"is_trial":false}