{"path_per_floor":["M","M","?","?","$","R","M","?","T","?","?","$","R","M","R","B",null,"M","M","$","?","M"],"character_chosen":"IRONCLAD","items_purchased":["Shrug It Off","Body Slam","Pommel Strike","Metallicize","Armaments","Good Instincts"],"gold_per_floor":[110,128,128,128,7,7,25,25,52,52,227,152,152,171,171,301,301,322,341,148,148,169,169],"floor_reached":23,"campfire_rested":0,"playtime":1265,"item_purchase_floors":[5,5,5,20,20,20],"current_hp_per_floor":[80,79,59,59,59,59,62,62,62,62,62,62,62,66,66,13,80,80,78,78,78,76,0],"items_purged":["Doubt"],"gold":169,"score":179,"play_id":"e6585f73-7585-45dd-abd0-05112cc380e6","local_time":"20180528235652","is_prod":false,"is_daily":false,"chose_seed":false,"is_ascension_mode":false,"campfire_upgraded":3,"win_rate":0,"timestamp":1527530212,"campfire_choices":[{"data":"Body Slam","floor":6,"key":"SMITH"},{"data":"Shrug It Off","floor":13,"key":"SMITH"},{"data":"Rampage","floor":15,"key":"SMITH"}],"path_taken":["M","M","?","?","?","R","M","?","T","?","?","?","R","M","R","BOSS","M","M","$","?","M","E"],"build_version":"2018-05-24","seed_source_timestamp":7944543657800,"purchased_purges":1,"victory":false,"master_deck":["Strike_R","Strike_R","Strike_R","Strike_R","Defend_R","Defend_R","Defend_R","Defend_R","Bash","Entrench+1","Rampage+1","Shrug It Off+1","Body Slam+1","Pommel Strike","Armaments","Shrug It Off","Immolate","Combust","Headbutt+1","Metallicize","Armaments","Good Instincts","Metallicize","Ghostly Armor"],"max_hp_per_floor":[80,80,80,80,80,80,80,80,80,80,80,80,80,80,80,80,80,80,80,80,80,80,80],"relics":["Black Blood","Happy Flower","Golden Idol","Juzu Bracelet"],"card_choices":[{"not_picked":["Sword Boomerang","Reckless Charge"],"picked":"Entrench","floor":1},{"not_picked":["Fire Breathing","Anger"],"picked":"Rampage","floor":2},{"not_picked":["Intimidate","Twin Strike"],"picked":"Armaments","floor":7},{"not_picked":["Evolve","Flex"],"picked":"Shrug It Off","floor":14},{"not_picked":["Bludgeon","Reaper"],"picked":"Immolate","floor":16},{"not_picked":["Rupture","Thunderclap"],"picked":"Combust","floor":18},{"not_picked":["Dual Wield","Wild Strike"],"picked":"Headbutt+1","floor":19},{"not_picked":["Uppercut","Pommel Strike"],"picked":"Ghostly Armor","floor":22}],"player_experience":100300,"potions_floor_usage":[19,19,22,23],"damage_taken":[{"damage":1,"enemies":"Cultist","floor":1,"turns":4},{"damage":7,"enemies":"2 Louse","floor":2,"turns":2},{"damage":3,"enemies":"Jaw Worm","floor":7,"turns":2},{"damage":2,"enemies":"Blue Slaver","floor":14,"turns":4},{"damage":59,"enemies":"Hexaghost","floor":16,"turns":12},{"damage":5,"enemies":"Shell Parasite","floor":18,"turns":7},{"damage":12,"enemies":"3 Byrds","floor":19,"turns":4},{"damage":12,"enemies":"Snecko","floor":22,"turns":6},{"damage":80,"enemies":"Gremlin Leader","floor":23,"turns":9}],"relics_obtained":[{"floor":9,"key":"Juzu Bracelet"}],"event_choices":[{"event_name":"Golden Idol","player_choice":"Take Damage","floor":3,"damage_taken":0},{"event_name":"The Woman in Blue","player_choice":"Bought 0 Potions","floor":4,"damage_taken":0},{"event_name":"Bonfire Elementals","player_choice":"BASIC","floor":8,"damage_taken":0},{"event_name":"Living Wall","player_choice":"Grow","floor":10,"damage_taken":0},{"event_name":"Liars Game","player_choice":"agreed","floor":11,"damage_taken":0},{"event_name":"The Library","player_choice":"Read","floor":21,"damage_taken":0}],"boss_relics":[{"not_picked":["Ectoplasm","Mark of Pain"],"picked":"Black Blood"}],"items_purged_floors":[12],"potions_floor_spawned":[1,16,18,22],"seed_played":"8996638438971101783","killed_by":"Gremlin Leader","ascension_level":0,"potions_obtained":[{"floor":1,"key":"Ancient Potion"},{"floor":16,"key":"Fire Potion"},{"floor":18,"key":"Energy Potion"},{"floor":22,"key":"Energy Potion"}],"is_trial":false}