{"gold_per_floor":[361,378,343,198,198,198,198,198,252,252,282,321,333,364,376,483,495,522,534],"floor_reached":19,"playtime":1307,"items_purged":[],"score":155,"play_id":"c154fc2f-fb48-4810-9a26-076801ed5e28","local_time":"20190719230411","is_ascension_mode":false,"campfire_choices":[{"data":"Defend_R","floor":6,"key":"SMITH"},{"data":"Defend_R","floor":7,"key":"SMITH"},{"data":"Sentinel","floor":8,"key":"SMITH"},{"floor":15,"key":"REST"}],"neow_cost":"PERCENT_DAMAGE","seed_source_timestamp":332317821191200,"circlet_count":0,"master_deck":["Strike_R","Strike_R","Strike_R","Strike_R","Strike_R","Defend_R+1","Defend_R+1","Defend_R","Defend_R","Bash","Rampage","Sentinel+1","Regret","Body Slam","Pommel Strike","Reaper","Feed","Cleave"],"relics":["Burning Blood","Bag of Preparation","WingedGreaves","Vajra","MawBank","Odd Mushroom","Juzu Bracelet","Runic Cube"],"potions_floor_usage":[16,16],"damage_taken":[{"damage":6,"enemies":"Jaw Worm","floor":1,"turns":5},{"damage":0,"enemies":"Small Slimes","floor":2,"turns":3},{"damage":3,"enemies":"Cultist","floor":11,"turns":4},{"damage":26,"enemies":"The Mushroom Lair","floor":12,"turns":5},{"damage":7,"enemies":"3 Louse","floor":14,"turns":4},{"damage":62,"enemies":"The Guardian","floor":16,"turns":13},{"damage":53,"enemies":"Shell Parasite","floor":18,"turns":11},{"damage":39,"enemies":"Spheric Guardian","floor":19,"turns":7}],"seed_played":"5369698428456066770","potions_obtained":[{"floor":1,"key":"PowerPotion"},{"floor":2,"key":"SpeedPotion"},{"floor":12,"key":"Dexterity Potion"}],"is_trial":false,"path_per_floor":["M","M","?","$","?","R","R","R","T","?","M","?","?","M","R","B",null,"M","M"],"character_chosen":"IRONCLAD","items_purchased":["Bag of Preparation"],"campfire_rested":1,"item_purchase_floors":[4],"current_hp_per_floor":[56,62,80,80,80,80,80,80,80,68,71,51,51,50,74,24,80,38,0],"gold":534,"neow_bonus":"TWO_FIFTY_GOLD","is_prod":false,"is_daily":false,"chose_seed":false,"campfire_upgraded":3,"win_rate":0,"timestamp":1563555851,"path_taken":["M","M","?","$","?","R","R","R","T","?","M","?","?","M","R","BOSS","M","M"],"build_version":"2019-07-17","purchased_purges":0,"victory":false,"max_hp_per_floor":[80,80,80,80,80,80,80,80,80,80,80,80,80,80,80,80,80,80,80],"card_choices":[{"not_picked":["Inflame","Anger"],"picked":"Rampage","floor":1},{"not_picked":["Thunderclap","Inflame"],"picked":"Sentinel","floor":2},{"not_picked":["Carnage","Shockwave"],"picked":"Body Slam","floor":11},{"not_picked":["Inflame","Second Wind"],"picked":"Pommel Strike","floor":12},{"not_picked":["Wild Strike","Feel No Pain"],"picked":"Reaper","floor":14},{"not_picked":["Offering","Exhume"],"picked":"Feed","floor":16},{"not_picked":["Wild Strike","Heavy Blade"],"picked":"Cleave","floor":18}],"player_experience":199496,"relics_obtained":[{"floor":9,"key":"Vajra"},{"floor":12,"key":"Odd Mushroom"},{"floor":13,"key":"Juzu Bracelet"}],"event_choices":[{"damage_healed":20,"gold_gain":0,"player_choice":"Healed","damage_taken":0,"max_hp_gain":0,"max_hp_loss":0,"event_name":"The Cleric","floor":3,"gold_loss":35},{"damage_healed":0,"gold_gain":0,"player_choice":"Box","damage_taken":0,"relics_obtained":["WingedGreaves"],"max_hp_gain":0,"max_hp_loss":0,"event_name":"Big Fish","floor":5,"gold_loss":0,"cards_obtained":["Regret"]},{"damage_healed":0,"gold_gain":0,"player_choice":"Success","damage_taken":12,"relics_obtained":["MawBank"],"max_hp_gain":0,"max_hp_loss":0,"event_name":"Scrap Ooze","floor":10,"gold_loss":0},{"damage_healed":0,"gold_gain":0,"player_choice":"Fought Mushrooms","damage_taken":0,"max_hp_gain":0,"max_hp_loss":0,"event_name":"Mushrooms","floor":12,"gold_loss":0},{"damage_healed":0,"gold_gain":0,"player_choice":"Relic","damage_taken":0,"max_hp_gain":0,"max_hp_loss":0,"event_name":"Wheel of Change","floor":13,"gold_loss":0}],"is_beta":false,"boss_relics":[{"not_picked":["Runic Pyramid","Velvet Choker"],"picked":"Runic Cube"}],"items_purged_floors":[],"is_endless":false,"potions_floor_spawned":[1,2,12],"killed_by":"Spheric Guardian","ascension_level":0}