{"gold_per_floor":[113,113,288,145,145,145,105,105,129,148,148,100,119,138,138,238,238,258,18,18,30,30,30,60,72,102,117,117,135,135,154,154,154],"floor_reached":33,"playtime":2055,"items_purged":[],"score":255,"play_id":"b728c104-7736-488d-b0e6-af3a65dd0946","local_time":"20190719224210","is_ascension_mode":false,"campfire_choices":[{"data":"Defend_R","floor":6,"key":"SMITH"},{"data":"Defend_R","floor":8,"key":"SMITH"},{"data":"Juggernaut","floor":11,"key":"SMITH"},{"floor":15,"key":"REST"},{"floor":23,"key":"REST"},{"floor":28,"key":"REST"},{"floor":30,"key":"REST"},{"floor":32,"key":"REST"}],"neow_cost":"PERCENT_DAMAGE","seed_source_timestamp":330248509405100,"circlet_count":0,"master_deck":["Strike_R","Strike_R","Strike_R","Strike_R","Strike_R","Defend_R+1","Defend_R+1","Defend_R+1","Defend_R","Bash","Clothesline","Doubt","Juggernaut+1","Combust","Bloodletting","Metallicize","Impervious","Pommel Strike","Writhe","True Grit","Cleave+1","Cleave","Impervious","Rage"],"relics":["Black Blood","WingedGreaves","Happy Flower","Vajra","Question Card","Strawberry","Enchiridion","Darkstone Periapt","Tiny Chest"],"potions_floor_usage":[21,21,24,24,27,33],"damage_taken":[{"damage":8,"enemies":"Small Slimes","floor":1,"turns":5},{"damage":1,"enemies":"2 Louse","floor":10,"turns":3},{"damage":9,"enemies":"Jaw Worm","floor":13,"turns":3},{"damage":9,"enemies":"Blue Slaver","floor":14,"turns":3},{"damage":34,"enemies":"Hexaghost","floor":16,"turns":10},{"damage":32,"enemies":"3 Byrds","floor":18,"turns":4},{"damage":30,"enemies":"2 Thieves","floor":21,"turns":4},{"damage":48,"enemies":"Slavers","floor":24,"turns":6},{"damage":1,"enemies":"Snake Plant","floor":25,"turns":3},{"damage":8,"enemies":"Chosen and Byrds","floor":27,"turns":5},{"damage":8,"enemies":"3 Cultists","floor":29,"turns":5},{"damage":25,"enemies":"Centurion and Healer","floor":31,"turns":7},{"damage":94,"enemies":"Automaton","floor":33,"turns":10}],"seed_played":"-3076997795267505552","potions_obtained":[{"floor":13,"key":"Energy Potion"},{"floor":14,"key":"Explosive Potion"},{"floor":16,"key":"Swift Potion"},{"floor":21,"key":"Weak Potion"},{"floor":24,"key":"GamblersBrew"},{"floor":25,"key":"PowerPotion"},{"floor":29,"key":"FearPotion"}],"is_trial":false,"path_per_floor":["M","?","?","$","T","R","$","R","T","M","R","$","M","M","R","B",null,"M","$","?","M","?","R","E","M","T","M","R","M","R","M","R","B"],"character_chosen":"IRONCLAD","items_purchased":["Juggernaut","Combust","Dexterity Potion","Question Card"],"campfire_rested":5,"item_purchase_floors":[4,7,12,19],"current_hp_per_floor":[54,54,54,54,54,54,54,54,54,59,59,59,56,53,77,49,80,58,58,65,45,29,55,17,26,26,28,54,56,82,67,87,0],"gold":154,"neow_bonus":"ONE_RARE_RELIC","is_prod":false,"is_daily":false,"chose_seed":false,"campfire_upgraded":3,"win_rate":0,"timestamp":1563554530,"path_taken":["M","?","?","$","?","R","?","R","T","M","R","$","M","M","R","BOSS","M","$","?","M","?","R","E","M","T","M","R","M","R","M","R","BOSS"],"build_version":"2019-07-17","purchased_purges":0,"victory":false,"max_hp_per_floor":[80,80,80,80,80,80,80,80,80,80,80,80,80,80,80,80,80,80,80,87,87,87,87,87,87,87,87,87,87,87,87,87,87],"card_choices":[{"not_picked":["Clash","Thunderclap"],"picked":"Clothesline","floor":1},{"not_picked":["Blood for Blood","Warcry"],"picked":"Bloodletting","floor":10},{"not_picked":["Body Slam","Twin Strike"],"picked":"Metallicize","floor":13},{"not_picked":["Warcry","Clothesline","Pummel"],"picked":"SKIP","floor":14},{"not_picked":["Brutality","Limit Break"],"picked":"Impervious","floor":16},{"not_picked":["Anger+1","Wild Strike"],"picked":"Pommel Strike","floor":18},{"not_picked":["Flex","Warcry+1","Feel No Pain","Cleave+1"],"picked":"SKIP","floor":21},{"not_picked":["Havoc","Perfected Strike+1","Pommel Strike"],"picked":"True Grit","floor":24},{"not_picked":["Sword Boomerang+1","Havoc+1","Anger"],"picked":"Cleave+1","floor":25},{"not_picked":["Headbutt","True Grit+1","Havoc"],"picked":"Cleave","floor":27},{"not_picked":["Cleave+1","Perfected Strike+1","Flex+1"],"picked":"Impervious","floor":29},{"not_picked":["Inflame","Anger","Clash"],"picked":"Rage","floor":31}],"player_experience":197441,"relics_obtained":[{"floor":5,"key":"Happy Flower"},{"floor":9,"key":"Vajra"},{"floor":22,"key":"Enchiridion"},{"floor":24,"key":"Darkstone Periapt"},{"floor":26,"key":"Tiny Chest"}],"event_choices":[{"damage_healed":0,"gold_gain":0,"player_choice":"Grow","damage_taken":0,"max_hp_gain":0,"max_hp_loss":0,"event_name":"Living Wall","floor":2,"gold_loss":0,"cards_upgraded":["Defend_R"]},{"damage_healed":0,"gold_gain":175,"player_choice":"AGREE","damage_taken":0,"max_hp_gain":0,"max_hp_loss":0,"event_name":"Liars Game","floor":3,"gold_loss":0,"cards_obtained":["Doubt"]},{"damage_healed":0,"gold_gain":0,"player_choice":"Opened","damage_taken":0,"relics_obtained":["Strawberry"],"max_hp_gain":0,"max_hp_loss":0,"event_name":"The Mausoleum","floor":20,"gold_loss":0,"cards_obtained":["Writhe"]},{"damage_healed":0,"gold_gain":0,"player_choice":"Obtained Book","damage_taken":16,"max_hp_gain":0,"max_hp_loss":0,"event_name":"Cursed Tome","floor":22,"gold_loss":0}],"is_beta":false,"boss_relics":[{"not_picked":["Snecko Eye","Velvet Choker"],"picked":"Black Blood"}],"items_purged_floors":[],"is_endless":false,"potions_floor_spawned":[13,14,16,21,24,25,29],"killed_by":"Automaton","ascension_level":0}