{"gold_per_floor":[109,109,18,29,104,104,56,68,93,93,124,124,124,73,73,176,176,187,202,151,169,169,169,215,188,188,188,139,153,153,167,167,266,266,276,55,67,67,80,80,98,20,20,34,34,34,45,57,57,57],"floor_reached":50,"playtime":3062,"items_purged":["Shame"],"score":615,"play_id":"241f32eb-d43d-4ff7-ad9e-b40bbdf3429d","local_time":"20190721164017","is_ascension_mode":false,"campfire_choices":[{"data":"Enlightenment","floor":6,"key":"SMITH"},{"data":"Body Slam","floor":10,"key":"SMITH"},{"data":"Body Slam","floor":13,"key":"SMITH"},{"data":"Shrug It Off","floor":15,"key":"SMITH"},{"floor":23,"key":"REST"},{"data":"Body Slam","floor":27,"key":"SMITH"},{"data":"Body Slam","floor":30,"key":"SMITH"},{"data":"Barricade","floor":32,"key":"SMITH"},{"data":"Iron Wave","floor":40,"key":"SMITH"},{"data":"Body Slam","floor":46,"key":"SMITH"},{"floor":49,"key":"REST"}],"neow_cost":"NONE","seed_source_timestamp":480328839960200,"circlet_count":0,"master_deck":["Bash","Barricade+1","Body Slam+1","Enlightenment+1","Shrug It Off","Body Slam+1","Shrug It Off+1","Shrug It Off+1","Disarm+1","Bloodletting","Impervious","Second Wind","Dual Wield","Carnage","Immolate","Hemokinesis","Demon Form","Cleave","Cleave+1","Shrug It Off","Flame Barrier+1","Body Slam+1","Body Slam+1","Body Slam+1","Impervious","Injury","Regret","Body Slam+1","Iron Wave+1","Clash","Cleave+1","Entrench+1","Ghostly Armor","Body Slam+1","Shrug It Off","Shrug It Off"],"relics":["Burning Blood","Lantern","Regal Pillow","Pandora\u0027s Box","Red Skull","Matryoshka","Calling Bell","War Paint","Shuriken","Mango","Anchor","Ancient Tea Set","Meat on the Bone"],"potions_floor_usage":[16,21,35,41,41,41,41,41,41,50],"damage_taken":[{"damage":11,"enemies":"Jaw Worm","floor":1,"turns":4},{"damage":8,"enemies":"2 Louse","floor":4,"turns":3},{"damage":0,"enemies":"Small Slimes","floor":8,"turns":3},{"damage":10,"enemies":"Lagavulin","floor":11,"turns":9},{"damage":35,"enemies":"Slime Boss","floor":16,"turns":13},{"damage":10,"enemies":"3 Byrds","floor":18,"turns":4},{"damage":19,"enemies":"Spheric Guardian","floor":19,"turns":4},{"damage":6,"enemies":"Snake Plant","floor":21,"turns":5},{"damage":6,"enemies":"Cultist and Chosen","floor":29,"turns":6},{"damage":4,"enemies":"Centurion and Healer","floor":31,"turns":4},{"damage":6,"enemies":"Automaton","floor":33,"turns":7},{"damage":14,"enemies":"Orb Walker","floor":35,"turns":3},{"damage":5,"enemies":"3 Shapes","floor":37,"turns":3},{"damage":3,"enemies":"3 Darklings","floor":39,"turns":3},{"damage":34,"enemies":"Transient","floor":41,"turns":5},{"damage":0,"enemies":"4 Shapes","floor":44,"turns":5},{"damage":30,"enemies":"Maw","floor":47,"turns":7},{"damage":5,"enemies":"Jaw Worm Horde","floor":48,"turns":3},{"damage":102,"enemies":"Time Eater","floor":50,"turns":9}],"seed_played":"-5043657941121248811","potions_obtained":[{"floor":4,"key":"PowerPotion"},{"floor":8,"key":"Ancient Potion"},{"floor":11,"key":"FearPotion"},{"floor":12,"key":"PowerPotion"},{"floor":12,"key":"Energy Potion"},{"floor":19,"key":"Fire Potion"},{"floor":21,"key":"Block Potion"},{"floor":37,"key":"EntropicBrew"},{"floor":44,"key":"Strength Potion"}],"is_trial":false,"path_per_floor":["M","?","$","M","?","R","$","M","T","R","E","?","R","$","R","B",null,"M","M","$","M","?","R","T","$","T","R","$","M","R","M","R","B",null,"M","$","M","?","M","R","M","$","T","M","?","R","M","M","R","B"],"character_chosen":"IRONCLAD","items_purchased":["Enlightenment","Shrug It Off","Shrug It Off","Shrug It Off","Body Slam","Body Slam","Anchor","Ghostly Armor"],"campfire_rested":2,"item_purchase_floors":[3,7,14,20,25,28,36,42],"current_hp_per_floor":[75,75,75,73,62,62,62,68,68,68,64,64,64,64,64,35,80,76,63,63,63,48,85,85,85,85,85,85,85,85,85,85,85,99,91,91,92,92,95,95,67,67,67,73,99,99,75,76,99,0],"gold":57,"neow_bonus":"ONE_RANDOM_RARE_CARD","is_prod":false,"is_daily":false,"chose_seed":false,"campfire_upgraded":9,"win_rate":0,"timestamp":1563705617,"path_taken":["M","?","$","M","?","R","?","M","T","R","E","?","R","$","R","BOSS","M","M","$","?","?","R","?","?","T","R","$","?","R","M","R","BOSS","M","$","M","?","M","R","M","?","T","M","?","R","?","M","R","BOSS"],"build_version":"2019-07-17","purchased_purges":1,"victory":false,"max_hp_per_floor":[80,80,80,80,80,80,80,80,80,80,80,80,80,80,80,80,80,80,80,80,80,85,85,85,85,85,85,85,85,85,85,85,85,99,99,99,99,99,99,99,99,99,99,99,99,99,99,99,99,99],"card_choices":[{"not_picked":["Pommel Strike","Power Through"],"picked":"Body Slam","floor":1},{"not_picked":["Anger","Fire Breathing","Wild Strike"],"picked":"SKIP","floor":4},{"not_picked":["Feel No Pain","Dual Wield"],"picked":"Body Slam","floor":8},{"not_picked":["Flex","Rupture"],"picked":"Shrug It Off","floor":11},{"not_picked":["Clash","Infernal Blade"],"picked":"Cleave","floor":18},{"not_picked":["Infernal Blade","Fire Breathing"],"picked":"Cleave+1","floor":19},{"not_picked":["Body Slam","Flex"],"picked":"Flame Barrier+1","floor":21},{"not_picked":["Uppercut+1","Pommel Strike"],"picked":"Body Slam+1","floor":29},{"not_picked":["Limit Break","Headbutt","Havoc+1"],"picked":"SKIP","floor":31},{"not_picked":["Dark Embrace","Barricade"],"picked":"Impervious","floor":33},{"not_picked":["Warcry+1","Iron Wave+1"],"picked":"Body Slam+1","floor":35},{"not_picked":["Warcry+1","Cleave+1"],"picked":"Iron Wave","floor":37},{"not_picked":["Warcry","Twin Strike+1"],"picked":"Cleave+1","floor":39},{"not_picked":["Dropkick","Body Slam"],"picked":"Entrench+1","floor":41},{"not_picked":["Havoc+1","Cleave+1"],"picked":"Body Slam","floor":44},{"not_picked":["Dual Wield","Headbutt"],"picked":"Shrug It Off","floor":47},{"not_picked":["Rage+1","True Grit"],"picked":"Shrug It Off","floor":48}],"player_experience":214888,"relics_obtained":[{"floor":9,"key":"Lantern"},{"floor":11,"key":"Regal Pillow"},{"floor":24,"key":"Red Skull"},{"floor":26,"key":"Matryoshka"},{"floor":34,"key":"War Paint"},{"floor":34,"key":"Shuriken"},{"floor":34,"key":"Mango"},{"floor":43,"key":"Ancient Tea Set"},{"floor":43,"key":"Meat on the Bone"}],"event_choices":[{"damage_healed":0,"gold_gain":0,"player_choice":"Ignored","damage_taken":0,"max_hp_gain":0,"max_hp_loss":0,"event_name":"Golden Wing","floor":2,"gold_loss":0},{"damage_healed":0,"gold_gain":75,"player_choice":"Gather Gold","damage_taken":11,"max_hp_gain":0,"max_hp_loss":0,"event_name":"World of Goop","floor":5,"gold_loss":0},{"damage_healed":0,"gold_gain":0,"player_choice":"Got Potions","damage_taken":0,"max_hp_gain":0,"max_hp_loss":0,"event_name":"Lab","floor":12,"gold_loss":0},{"damage_healed":0,"gold_gain":0,"player_choice":"Shed Blood","damage_taken":20,"max_hp_gain":5,"max_hp_loss":0,"event_name":"Forgotten Altar","floor":22,"gold_loss":0},{"damage_healed":0,"gold_gain":0,"player_choice":"2 cards matched","damage_taken":0,"max_hp_gain":0,"max_hp_loss":0,"event_name":"Match and Keep!","floor":38,"gold_loss":0,"cards_obtained":["Blood for Blood","Clash"]},{"damage_healed":0,"gold_gain":0,"player_choice":"2 cards matched","damage_taken":0,"max_hp_gain":0,"max_hp_loss":0,"event_name":"Match and Keep!","floor":38,"gold_loss":0,"cards_obtained":["Blood for Blood","Clash"]},{"cards_removed":["Blood for Blood"],"damage_healed":26,"gold_gain":0,"player_choice":"Offered Uncommon","damage_taken":0,"max_hp_gain":0,"max_hp_loss":0,"event_name":"Bonfire Elementals","floor":45,"gold_loss":0}],"is_beta":false,"boss_relics":[{"not_picked":["Coffee Dripper","Fusion Hammer"],"picked":"Pandora\u0027s Box"},{"not_picked":["Cursed Key","Velvet Choker"],"picked":"Calling Bell"}],"items_purged_floors":[36],"is_endless":false,"potions_floor_spawned":[4,8,11,19,21,37,44],"killed_by":"Time Eater","ascension_level":0}