{"gold_per_floor":[168,227,227,88,163,163,173,173,173,204,204,232,246,258,258,362,362,381,120,131,142,142,142,142,142,192,41,59,21,37,56,56,56],"floor_reached":33,"playtime":2283,"items_purged":[],"score":255,"play_id":"ded8b7d4-ed20-4cd7-95ca-19ad991d5b71","local_time":"20190719220723","is_ascension_mode":false,"campfire_choices":[{"data":"Flex","floor":6,"key":"SMITH"},{"data":"Rupture","floor":8,"key":"SMITH"},{"floor":11,"key":"REST"},{"floor":15,"key":"REST"},{"floor":23,"key":"REST"},{"floor":25,"key":"REST"},{"floor":32,"key":"REST"}],"neow_cost":"NONE","seed_source_timestamp":327933227012700,"circlet_count":0,"master_deck":["Strike_R+1","Strike_R","Strike_R+1","Strike_R","Strike_R+1","Defend_R","Defend_R","Defend_R","Defend_R","Bash","Heavy Blade","Flex","Flex+1","Cleave","Rupture+1","Combust","Spot Weakness","Inflame","Rage","Carnage","Bludgeon","Body Slam+1","Clash","Metallicize+1","J.A.X.","Rupture","Perfected Strike","Sword Boomerang","Whirlwind","Infernal Blade","Cleave"],"relics":["Tiny House","Matryoshka","Self Forming Clay","Regal Pillow","Velvet Choker","Mercury Hourglass","Anchor","Omamori","Whetstone"],"potions_floor_usage":[14,21,31,33],"damage_taken":[{"damage":8,"enemies":"Jaw Worm","floor":1,"turns":3},{"damage":0,"enemies":"2 Louse","floor":7,"turns":1},{"damage":33,"enemies":"Gremlin Nob","floor":10,"turns":5},{"damage":18,"enemies":"3 Sentries","floor":12,"turns":5},{"damage":10,"enemies":"Small Slimes","floor":13,"turns":3},{"damage":20,"enemies":"Exordium Wildlife","floor":14,"turns":4},{"damage":42,"enemies":"Hexaghost","floor":16,"turns":7},{"damage":29,"enemies":"2 Thieves","floor":18,"turns":3},{"damage":16,"enemies":"Shell Parasite","floor":20,"turns":4},{"damage":25,"enemies":"Centurion and Healer","floor":21,"turns":5},{"damage":12,"enemies":"Chosen and Byrds","floor":28,"turns":4},{"damage":23,"enemies":"Shelled Parasite and Fungi","floor":30,"turns":5},{"damage":8,"enemies":"3 Cultists","floor":31,"turns":3},{"damage":84,"enemies":"Automaton","floor":33,"turns":8}],"seed_played":"-8806242842942759417","potions_obtained":[{"floor":0,"key":"Fire Potion"},{"floor":7,"key":"BloodPotion"},{"floor":10,"key":"GamblersBrew"},{"floor":16,"key":"Dexterity Potion"},{"floor":20,"key":"Strength Potion"},{"floor":30,"key":"LiquidBronze"}],"is_trial":false,"path_per_floor":["M","?","?","$","?","R","M","R","T","E","R","E","M","M","R","B",null,"M","$","M","M","?","R","?","R","T","$","M","$","M","M","R","B"],"character_chosen":"IRONCLAD","items_purchased":["Flex","Cleave","Rupture","Mercury Hourglass","Rupture","Perfected Strike","Sword Boomerang","Infernal Blade"],"campfire_rested":5,"item_purchase_floors":[4,4,4,19,27,27,27,29],"current_hp_per_floor":[77,77,77,77,66,66,66,66,66,33,58,40,30,31,71,29,85,56,56,40,15,15,55,55,85,85,85,73,73,50,42,82,0],"gold":56,"neow_bonus":"BOSS_RELIC","is_prod":false,"is_daily":false,"chose_seed":false,"campfire_upgraded":2,"win_rate":0,"timestamp":1563552443,"path_taken":["M","?","?","$","?","R","M","R","T","E","R","E","M","M","R","BOSS","M","$","M","M","?","R","?","R","T","$","M","?","?","?","R","BOSS"],"build_version":"2019-07-17","purchased_purges":0,"victory":false,"max_hp_per_floor":[85,85,85,85,85,85,85,85,85,85,85,85,85,85,85,85,85,85,85,85,85,85,85,85,85,85,85,85,85,85,85,85,85],"card_choices":[{"not_picked":["Havoc","Warcry"],"picked":"Heavy Blade","floor":0},{"not_picked":["Clash","Thunderclap"],"picked":"Flex","floor":1},{"not_picked":["Wild Strike","Sentinel"],"picked":"Combust","floor":7},{"not_picked":["Clothesline","Sentinel"],"picked":"Spot Weakness","floor":10},{"not_picked":["Seeing Red","Clothesline"],"picked":"Inflame","floor":12},{"not_picked":["Entrench","Shrug It Off"],"picked":"Rage","floor":13},{"not_picked":["Metallicize","Clothesline"],"picked":"Carnage","floor":14},{"not_picked":["Dark Embrace","Juggernaut"],"picked":"Bludgeon","floor":16},{"not_picked":["Anger+1","True Grit"],"picked":"Body Slam+1","floor":18},{"not_picked":["Ghostly Armor","Warcry"],"picked":"Clash","floor":20},{"not_picked":["Evolve+1","Wild Strike"],"picked":"Metallicize+1","floor":21},{"not_picked":["Thunderclap","Uppercut"],"picked":"Whirlwind","floor":28},{"not_picked":["Sword Boomerang","Anger"],"picked":"Cleave","floor":30},{"not_picked":["Hemokinesis","Feel No Pain","Wild Strike"],"picked":"SKIP","floor":31}],"player_experience":195158,"relics_obtained":[{"floor":9,"key":"Matryoshka"},{"floor":10,"key":"Self Forming Clay"},{"floor":12,"key":"Regal Pillow"},{"floor":26,"key":"Omamori"},{"floor":26,"key":"Whetstone"}],"event_choices":[{"damage_healed":0,"gold_gain":59,"player_choice":"Gained Gold","damage_taken":0,"max_hp_gain":0,"max_hp_loss":0,"event_name":"Golden Wing","floor":2,"gold_loss":0},{"damage_healed":0,"gold_gain":0,"player_choice":"Ignored","damage_taken":0,"max_hp_gain":0,"max_hp_loss":0,"event_name":"Golden Idol","floor":3,"gold_loss":0},{"damage_healed":0,"gold_gain":75,"player_choice":"Gather Gold","damage_taken":11,"max_hp_gain":0,"max_hp_loss":0,"event_name":"World of Goop","floor":5,"gold_loss":0},{"damage_healed":0,"gold_gain":0,"player_choice":"Opened","damage_taken":0,"relics_obtained":["Anchor"],"max_hp_gain":0,"max_hp_loss":0,"event_name":"The Mausoleum","floor":22,"gold_loss":0},{"damage_healed":0,"gold_gain":0,"player_choice":"Obtain J.A.X.","damage_taken":0,"max_hp_gain":0,"max_hp_loss":0,"event_name":"Drug Dealer","floor":24,"gold_loss":0,"cards_obtained":["J.A.X."]}],"is_beta":false,"boss_relics":[{"not_picked":["Snecko Eye","Black Star"],"picked":"Velvet Choker"}],"items_purged_floors":[],"is_endless":false,"potions_floor_spawned":[7,10,16,20,30],"killed_by":"Automaton","ascension_level":0}