{"gold_per_floor":[113,113,60,79,98,98,123,123,123,135,166,194,206,393,405,522,534,565,597,609,285,303,333,333,350,423,423,435,463,72,162,162,258,258,278,291,306,104,104],"floor_reached":39,"playtime":3256,"items_purged":["Doubt","Pummel"],"score":471,"play_id":"100de256-896b-4696-af2a-96f4daa07908","local_time":"20190720230142","is_ascension_mode":false,"campfire_choices":[{"data":"Juggernaut","floor":6,"key":"SMITH"},{"data":"Armaments","floor":8,"key":"SMITH"},{"data":"Defend_R","floor":10,"key":"SMITH"},{"data":"Combust","floor":15,"key":"SMITH"},{"data":"Armaments","floor":24,"key":"SMITH"},{"floor":27,"key":"REST"},{"floor":32,"key":"REST"}],"neow_cost":"TEN_PERCENT_HP_LOSS","seed_source_timestamp":416618331596900,"circlet_count":0,"master_deck":["Defend_R","Defend_R","Defend_R","Defend_R+1","Bash","Juggernaut+1","Armaments+1","Combust+1","Rampage","Body Slam","Shrug It Off","Body Slam+1","Feed","Iron Wave+1","Intimidate+1","Headbutt+1","Body Slam","Iron Wave","Headbutt","Armaments+1","Iron Wave","Barricade","Reaper","Iron Wave","Body Slam","Armaments+1","Secret Technique","Forethought"],"relics":["Burning Blood","Self Forming Clay","MawBank","Astrolabe","Lee\u0027s Waffle","Bag of Marbles","Blue Candle","The Courier","PreservedInsect","Pantograph","Orrery"],"potions_floor_usage":[7,16,23,23,33,33,37,39],"damage_taken":[{"damage":2,"enemies":"Small Slimes","floor":1,"turns":4},{"damage":0,"enemies":"2 Louse","floor":4,"turns":4},{"damage":3,"enemies":"Jaw Worm","floor":5,"turns":4},{"damage":19,"enemies":"Gremlin Nob","floor":7,"turns":4},{"damage":3,"enemies":"2 Fungi Beasts","floor":11,"turns":3},{"damage":5,"enemies":"Lots of Slimes","floor":12,"turns":4},{"damage":35,"enemies":"Hexaghost","floor":16,"turns":6},{"damage":15,"enemies":"Spheric Guardian","floor":18,"turns":4},{"damage":7,"enemies":"Shell Parasite","floor":19,"turns":5},{"damage":10,"enemies":"Chosen and Byrds","floor":22,"turns":5},{"damage":23,"enemies":"Book of Stabbing","floor":23,"turns":6},{"damage":11,"enemies":"Shelled Parasite and Fungi","floor":25,"turns":6},{"damage":19,"enemies":"Centurion and Healer","floor":28,"turns":7},{"damage":26,"enemies":"Gremlin Leader","floor":29,"turns":8},{"damage":37,"enemies":"Collector","floor":33,"turns":8},{"damage":16,"enemies":"Orb Walker","floor":35,"turns":4},{"damage":26,"enemies":"3 Shapes","floor":36,"turns":5},{"damage":46,"enemies":"Sphere and 2 Shapes","floor":37,"turns":6},{"damage":58,"enemies":"Transient","floor":39,"turns":5}],"seed_played":"387016395194692143","potions_obtained":[{"floor":1,"key":"Poison Potion"},{"floor":5,"key":"Poison Potion"},{"floor":11,"key":"LiquidBronze"},{"floor":16,"key":"PowerPotion"},{"floor":18,"key":"GamblersBrew"},{"floor":19,"key":"Block Potion"},{"floor":23,"key":"Poison Potion"},{"floor":29,"key":"EssenceOfSteel"},{"floor":33,"key":"GamblersBrew"},{"floor":36,"key":"LiquidBronze"}],"is_trial":false,"path_per_floor":["M","?","$","M","M","R","E","R","T","R","M","M","?","?","R","B",null,"M","M","?","$","M","E","R","M","T","R","M","E","$","?","R","B",null,"M","M","M","$","M"],"character_chosen":"IRONCLAD","items_purchased":["Armaments","Headbutt","Lee\u0027s Waffle","PreservedInsect","Pantograph","Secret Technique","Forethought"],"campfire_rested":2,"item_purchase_floors":[3,21,21,30,30,38,38],"current_hp_per_floor":[72,65,65,71,72,72,59,59,59,59,62,63,63,63,63,34,72,63,62,62,79,75,58,58,53,53,76,67,47,47,31,55,49,83,76,69,41,41,0],"gold":104,"neow_bonus":"THREE_RARE_CARDS","is_prod":false,"is_daily":false,"chose_seed":false,"campfire_upgraded":5,"win_rate":0,"timestamp":1563642102,"path_taken":["M","?","$","M","M","R","E","R","T","R","M","M","?","?","R","BOSS","M","M","?","$","M","E","R","M","T","R","M","E","$","?","R","BOSS","M","?","M","$","M"],"build_version":"2019-07-17","purchased_purges":2,"victory":false,"max_hp_per_floor":[72,72,72,72,72,72,72,72,72,72,72,72,72,72,72,72,72,72,72,72,79,79,79,79,79,79,79,83,83,83,83,83,83,83,86,86,86,86,86],"card_choices":[{"not_picked":["Berserk","Bludgeon"],"picked":"Juggernaut","floor":0},{"not_picked":["True Grit","Whirlwind"],"picked":"Burning Pact","floor":1},{"not_picked":["Clothesline","Twin Strike"],"picked":"Combust","floor":4},{"not_picked":["Burning Pact","Second Wind"],"picked":"Rampage","floor":5},{"not_picked":["Perfected Strike","Anger"],"picked":"Body Slam","floor":7},{"not_picked":["Perfected Strike","Heavy Blade"],"picked":"Shrug It Off","floor":11},{"not_picked":["Disarm","Reckless Charge"],"picked":"Body Slam","floor":12},{"not_picked":["Dark Embrace","Limit Break"],"picked":"Feed","floor":16},{"not_picked":["Reckless Charge","Inflame","Perfected Strike"],"picked":"SKIP","floor":18},{"not_picked":["Clash+1","Havoc"],"picked":"Body Slam","floor":19},{"not_picked":["Perfected Strike","Cleave"],"picked":"Armaments","floor":22},{"not_picked":["Exhume","Corruption+1","Pummel"],"picked":"SKIP","floor":23},{"not_picked":["Body Slam","Pommel Strike"],"picked":"Iron Wave","floor":25},{"not_picked":["Perfected Strike","Clothesline","True Grit"],"picked":"SKIP","floor":28},{"not_picked":["Infernal Blade+1","Shrug It Off+1"],"picked":"Barricade","floor":29},{"not_picked":["Demon Form","Brutality"],"picked":"Reaper","floor":33},{"not_picked":["Searing Blow","True Grit"],"picked":"Iron Wave","floor":34},{"not_picked":["Clothesline","Iron Wave"],"picked":"Body Slam","floor":34},{"not_picked":["Dropkick+1","Clothesline","Flex"],"picked":"SKIP","floor":35},{"not_picked":["Feel No Pain","Dark Embrace","Wild Strike"],"picked":"SKIP","floor":36},{"not_picked":["Inflame+1","Headbutt+1"],"picked":"Armaments+1","floor":37}],"player_experience":208097,"relics_obtained":[{"floor":7,"key":"Self Forming Clay"},{"floor":9,"key":"MawBank"},{"floor":23,"key":"Bag of Marbles"},{"floor":26,"key":"Blue Candle"},{"floor":29,"key":"The Courier"}],"event_choices":[{"cards_removed":["Strike_R"],"damage_healed":0,"gold_gain":0,"player_choice":"Card Removal","damage_taken":7,"max_hp_gain":0,"max_hp_loss":0,"event_name":"Golden Wing","floor":2,"gold_loss":0},{"damage_healed":0,"gold_gain":0,"player_choice":"Grow","damage_taken":0,"max_hp_gain":0,"max_hp_loss":0,"event_name":"Living Wall","floor":13,"gold_loss":0,"cards_upgraded":["Body Slam"]},{"damage_healed":0,"gold_gain":175,"player_choice":"AGREE","damage_taken":0,"max_hp_gain":0,"max_hp_loss":0,"event_name":"Liars Game","floor":14,"gold_loss":0,"cards_obtained":["Doubt"]},{"damage_healed":0,"gold_gain":0,"cards_transformed":["Strike_R","Burning Pact"],"player_choice":"Became Test Subject","damage_taken":0,"max_hp_gain":0,"max_hp_loss":0,"event_name":"Drug Dealer","floor":20,"gold_loss":0,"cards_obtained":["Iron Wave","Pummel"]},{"damage_healed":0,"gold_gain":90,"player_choice":"GOLD ","damage_taken":16,"max_hp_gain":0,"max_hp_loss":0,"event_name":"Knowing Skull","floor":31,"potions_obtained":[],"gold_loss":0,"cards_obtained":[]}],"is_beta":false,"boss_relics":[{"not_picked":["Calling Bell","Snecko Eye"],"picked":"Astrolabe"},{"not_picked":["Cursed Key","Fusion Hammer"],"picked":"Orrery"}],"items_purged_floors":[21,30],"is_endless":false,"potions_floor_spawned":[1,5,11,16,18,19,23,29,33,36],"killed_by":"Transient","ascension_level":0}