{"gold_per_floor":[119,119,119,134,3,3,17,17,17,29,39,39,52,64,64,162,212,231,0,15,27,27],"floor_reached":22,"playtime":1323,"items_purged":[],"score":180,"play_id":"436afe53-ced7-4f3d-8d70-83488573d745","local_time":"20190720232444","is_ascension_mode":false,"campfire_choices":[{"data":"Spot Weakness","floor":6,"key":"SMITH"},{"floor":12,"key":"REST"},{"floor":15,"key":"REST"}],"neow_cost":"PERCENT_DAMAGE","seed_source_timestamp":419935069732700,"circlet_count":0,"master_deck":["Strike_R","Strike_R","Strike_R","Strike_R","Strike_R","Defend_R","Defend_R","Defend_R","Defend_R","Bash","Limit Break","Twin Strike","Spot Weakness+1","Inflame+1","Heavy Blade","Disarm+1","Infernal Blade+1","Limit Break+1","Heavy Blade","Pommel Strike","Demon Form+1","Clothesline","Headbutt+1","Apotheosis+1","Warcry+1","Fire Breathing+1"],"relics":["Burning Blood","Frozen Egg 2","Toxic Egg 2","Tiny House"],"potions_floor_usage":[16,20],"damage_taken":[{"damage":5,"enemies":"Cultist","floor":1,"turns":4},{"damage":2,"enemies":"2 Louse","floor":4,"turns":3},{"damage":11,"enemies":"Jaw Worm","floor":7,"turns":2},{"damage":21,"enemies":"Lots of Slimes","floor":10,"turns":3},{"damage":9,"enemies":"2 Fungi Beasts","floor":11,"turns":3},{"damage":11,"enemies":"Large Slime","floor":13,"turns":4},{"damage":10,"enemies":"Looter","floor":14,"turns":3},{"damage":24,"enemies":"Hexaghost","floor":16,"turns":6},{"damage":46,"enemies":"2 Thieves","floor":18,"turns":5},{"damage":37,"enemies":"Shell Parasite","floor":20,"turns":5},{"damage":23,"enemies":"Centurion and Healer","floor":21,"turns":5},{"damage":24,"enemies":"Snecko","floor":22,"turns":5}],"seed_played":"6957516086792470103","potions_obtained":[{"floor":7,"key":"Weak Potion"},{"floor":13,"key":"PowerPotion"},{"floor":14,"key":"SteroidPotion"},{"floor":17,"key":"Dexterity Potion"},{"floor":18,"key":"BloodPotion"},{"floor":21,"key":"Explosive Potion"}],"is_trial":false,"path_per_floor":["M","T","?","M","$","R","M","?","T","M","M","R","M","M","R","B",null,"M","$","M","M","M"],"character_chosen":"IRONCLAD","items_purchased":["Inflame+1","Heavy Blade","Apotheosis+1","Warcry+1"],"campfire_rested":2,"item_purchase_floors":[5,5,19,19],"current_hp_per_floor":[57,57,62,66,66,66,61,53,53,38,35,60,55,51,76,58,90,50,50,41,24,0],"gold":27,"neow_bonus":"THREE_RARE_CARDS","is_prod":false,"is_daily":false,"chose_seed":false,"campfire_upgraded":1,"win_rate":0,"timestamp":1563643484,"path_taken":["M","?","?","M","$","R","M","?","T","M","?","R","M","M","R","BOSS","M","$","M","M","M"],"build_version":"2019-07-17","purchased_purges":0,"victory":false,"max_hp_per_floor":[80,80,85,85,85,85,85,85,85,85,85,85,85,85,85,85,90,90,90,90,90,90],"card_choices":[{"not_picked":["Immolate","Offering"],"picked":"Limit Break","floor":0},{"not_picked":["Havoc","Iron Wave"],"picked":"Twin Strike","floor":1},{"not_picked":["Shrug It Off","Disarm"],"picked":"Spot Weakness","floor":4},{"not_picked":["Shockwave","Clothesline"],"picked":"Disarm","floor":7},{"not_picked":["Rupture+1","Disarm+1"],"picked":"Infernal Blade+1","floor":10},{"not_picked":["Perfected Strike","Headbutt"],"picked":"Limit Break+1","floor":11},{"not_picked":["Rampage","Cleave"],"picked":"Heavy Blade","floor":13},{"not_picked":["Wild Strike","Power Through+1"],"picked":"Pommel Strike","floor":14},{"not_picked":["Limit Break+1","Feed"],"picked":"Demon Form+1","floor":16},{"not_picked":["Warcry+1","Dropkick"],"picked":"Clothesline","floor":17},{"not_picked":["Corruption+1","Pommel Strike"],"picked":"Headbutt+1","floor":18},{"not_picked":["Shockwave+1","Armaments+1"],"picked":"Fire Breathing+1","floor":20},{"not_picked":["Havoc+1","Armaments+1","Body Slam"],"picked":"SKIP","floor":21}],"player_experience":211353,"relics_obtained":[{"floor":2,"key":"Frozen Egg 2"},{"floor":9,"key":"Toxic Egg 2"}],"event_choices":[{"damage_healed":0,"gold_gain":0,"player_choice":"Donut","damage_taken":0,"max_hp_gain":5,"max_hp_loss":0,"event_name":"Big Fish","floor":3,"gold_loss":0},{"damage_healed":0,"gold_gain":0,"player_choice":"Damaged","damage_taken":8,"max_hp_gain":0,"max_hp_loss":0,"event_name":"Wheel of Change","floor":8,"gold_loss":0}],"is_beta":false,"boss_relics":[{"not_picked":["Pandora\u0027s Box","Orrery"],"picked":"Tiny House"}],"items_purged_floors":[],"is_endless":false,"potions_floor_spawned":[7,13,14,18,21],"killed_by":"Snecko","ascension_level":0}