{"gold_per_floor":[113,113,123,123,23,23,46,64,64,64,83,100,100,100,100,204,204,220,58,84,13,13,13,13,32,32,32,51,51,62,10,10,105,105,121,343,1342,1359,1359],"floor_reached":39,"playtime":2490,"items_purged":[],"score":467,"play_id":"a919975c-579e-4307-b6f5-28efc4194654","local_time":"20190721205955","is_ascension_mode":false,"campfire_choices":[{"data":"Flex","floor":6,"key":"SMITH"},{"data":"Clothesline","floor":10,"key":"SMITH"},{"data":"Uppercut","floor":13,"key":"SMITH"},{"floor":15,"key":"REST"},{"floor":23,"key":"REST"},{"floor":29,"key":"REST"},{"floor":32,"key":"REST"}],"neow_cost":"NONE","seed_source_timestamp":496477287730800,"circlet_count":0,"master_deck":["Strike_R","Strike_R","Strike_R","Strike_R","Defend_R","Defend_R","Defend_R","Defend_R","Bash","Evolve","Heavy Blade+1","Pommel Strike","Flex+1","Heavy Blade","Heavy Blade","Clothesline+1","Clothesline","Uppercut+1","Limit Break","Pommel Strike+1","Mayhem","Twin Strike+1","Metallicize","Writhe","Heavy Blade+1","RitualDagger","Reaper","Dropkick","Cleave","Reaper","Sword Boomerang","Shrug It Off","Cleave","Thunderclap","Blood for Blood+1","Heavy Blade+1","Normality","Normality","Feed"],"relics":["Burning Blood","Odd Mushroom","Sundial","Strawberry","Mark of Pain","Red Mask","Gremlin Horn","Centennial Puzzle","Orrery"],"potions_floor_usage":[16,18,20,20,28,33],"damage_taken":[{"damage":12,"enemies":"Small Slimes","floor":1,"turns":5},{"damage":6,"enemies":"Jaw Worm","floor":3,"turns":4},{"damage":4,"enemies":"The Mushroom Lair","floor":7,"turns":4},{"damage":0,"enemies":"2 Louse","floor":8,"turns":2},{"damage":7,"enemies":"2 Fungi Beasts","floor":11,"turns":3},{"damage":14,"enemies":"Exordium Thugs","floor":12,"turns":6},{"damage":48,"enemies":"The Guardian","floor":16,"turns":10},{"damage":16,"enemies":"Shell Parasite","floor":18,"turns":6},{"damage":31,"enemies":"Masked Bandits","floor":20,"turns":4},{"damage":18,"enemies":"Spheric Guardian","floor":25,"turns":4},{"damage":17,"enemies":"Snake Plant","floor":28,"turns":4},{"damage":40,"enemies":"3 Cultists","floor":30,"turns":6},{"damage":67,"enemies":"Champ","floor":33,"turns":12},{"damage":23,"enemies":"3 Shapes","floor":35,"turns":4},{"damage":71,"enemies":"3 Darklings","floor":38,"turns":6}],"seed_played":"-8466695713155924130","potions_obtained":[{"floor":1,"key":"SpeedPotion"},{"floor":7,"key":"FearPotion"},{"floor":11,"key":"Fire Potion"},{"floor":12,"key":"PowerPotion"},{"floor":18,"key":"SteroidPotion"},{"floor":20,"key":"EssenceOfSteel"},{"floor":30,"key":"Dexterity Potion"},{"floor":35,"key":"Ancient Potion"},{"floor":38,"key":"SteroidPotion"}],"is_trial":false,"path_per_floor":["M","?","M","?","$","R","?","M","T","R","M","M","R","?","R","B",null,"M","$","?","$","?","R","?","M","T","?","M","R","M","$","R","B",null,"M","?","?","M","?"],"character_chosen":"IRONCLAD","items_purchased":["Flex","Heavy Blade","Mayhem","Metallicize","Cleave"],"campfire_rested":4,"item_purchase_floors":[5,5,19,21,31],"current_hp_per_floor":[74,74,74,74,74,74,76,80,80,80,79,71,71,66,87,45,87,77,77,52,52,52,78,78,66,66,60,49,75,52,52,78,17,87,70,70,70,11,0],"gold":1359,"neow_bonus":"TRANSFORM_CARD","is_prod":false,"is_daily":false,"chose_seed":false,"campfire_upgraded":3,"win_rate":0,"timestamp":1563721195,"path_taken":["M","?","M","?","$","R","?","M","T","R","?","M","R","?","R","BOSS","M","$","?","?","?","R","?","M","T","?","?","R","M","?","R","BOSS","M","?","?","M","?"],"build_version":"2019-07-17","purchased_purges":0,"victory":false,"max_hp_per_floor":[80,80,80,80,80,80,80,80,80,80,80,80,80,87,87,87,87,87,87,87,87,87,87,87,87,87,87,87,87,87,87,87,87,87,87,87,87,87,87],"card_choices":[{"not_picked":["Blood for Blood","Wild Strike"],"picked":"Heavy Blade","floor":1},{"not_picked":["Whirlwind","Ghostly Armor"],"picked":"Pommel Strike","floor":3},{"not_picked":["Corruption","Offering"],"picked":"Heavy Blade","floor":7},{"not_picked":["Havoc","True Grit"],"picked":"Clothesline","floor":8},{"not_picked":["Body Slam","Anger"],"picked":"Clothesline","floor":11},{"not_picked":["Warcry","Fire Breathing"],"picked":"Uppercut","floor":12},{"not_picked":["Feed","Bludgeon"],"picked":"Limit Break","floor":16},{"not_picked":["Iron Wave","Anger+1"],"picked":"Pommel Strike+1","floor":18},{"not_picked":["Clash","Armaments"],"picked":"Twin Strike+1","floor":20},{"not_picked":["Warcry","Sword Boomerang"],"picked":"Heavy Blade+1","floor":25},{"not_picked":["Havoc","Clothesline+1"],"picked":"Reaper","floor":28},{"not_picked":["Clothesline","Body Slam+1"],"picked":"Dropkick","floor":30},{"not_picked":["Brutality","Dark Embrace"],"picked":"Reaper","floor":33},{"not_picked":["Wild Strike","Sentinel"],"picked":"Sword Boomerang","floor":34},{"not_picked":["Thunderclap","Burning Pact"],"picked":"Shrug It Off","floor":34},{"not_picked":["Perfected Strike+1","Reckless Charge+1"],"picked":"Cleave","floor":34},{"not_picked":["Feel No Pain","Sever Soul"],"picked":"Thunderclap","floor":34},{"not_picked":["Body Slam","True Grit"],"picked":"Blood for Blood+1","floor":34},{"not_picked":["Cleave","Warcry+1"],"picked":"Heavy Blade+1","floor":35},{"not_picked":["Twin Strike","Combust+1"],"picked":"Feed","floor":38}],"player_experience":217950,"relics_obtained":[{"floor":7,"key":"Odd Mushroom"},{"floor":9,"key":"Sundial"},{"floor":20,"key":"Red Mask"},{"floor":26,"key":"Centennial Puzzle"}],"event_choices":[{"damage_healed":0,"gold_gain":0,"player_choice":"Leave","damage_taken":0,"max_hp_gain":0,"max_hp_loss":0,"event_name":"The Cleric","floor":2,"gold_loss":0},{"damage_healed":0,"gold_gain":0,"player_choice":"Grow","damage_taken":0,"max_hp_gain":0,"max_hp_loss":0,"event_name":"Living Wall","floor":4,"gold_loss":0,"cards_upgraded":["Heavy Blade"]},{"damage_healed":0,"gold_gain":0,"player_choice":"Fought Mushrooms","damage_taken":0,"max_hp_gain":0,"max_hp_loss":0,"event_name":"Mushrooms","floor":7,"gold_loss":0},{"damage_healed":0,"gold_gain":0,"player_choice":"Success","damage_taken":12,"relics_obtained":["Strawberry"],"max_hp_gain":0,"max_hp_loss":0,"event_name":"Scrap Ooze","floor":14,"gold_loss":0},{"damage_healed":0,"gold_gain":0,"player_choice":"Fought Bandits","damage_taken":0,"max_hp_gain":0,"max_hp_loss":0,"event_name":"Masked Bandits","floor":20,"gold_loss":0},{"damage_healed":0,"gold_gain":0,"player_choice":"Ignored","damage_taken":0,"max_hp_gain":0,"max_hp_loss":0,"event_name":"Ghosts","floor":22,"gold_loss":0},{"damage_healed":0,"gold_gain":0,"player_choice":"Opened","damage_taken":0,"relics_obtained":["Gremlin Horn"],"max_hp_gain":0,"max_hp_loss":0,"event_name":"The Mausoleum","floor":24,"gold_loss":0,"cards_obtained":["Writhe"]},{"damage_healed":0,"gold_gain":0,"player_choice":"Joined the Cult","damage_taken":6,"max_hp_gain":0,"max_hp_loss":0,"event_name":"Nest","floor":27,"gold_loss":0,"cards_obtained":["RitualDagger"]},{"damage_healed":0,"gold_gain":222,"player_choice":"Wore Mask","damage_taken":0,"max_hp_gain":0,"max_hp_loss":0,"event_name":"Tomb of Lord Red Mask","floor":36,"gold_loss":0},{"damage_healed":0,"gold_gain":999,"player_choice":"Gold","damage_taken":0,"max_hp_gain":0,"max_hp_loss":0,"event_name":"MindBloom","floor":37,"gold_loss":0,"cards_obtained":["Normality","Normality"]},{"damage_healed":0,"gold_gain":0,"player_choice":"Embrace Madness","damage_taken":11,"max_hp_gain":0,"max_hp_loss":0,"event_name":"Winding Halls","floor":39,"gold_loss":0,"cards_obtained":["Madness","Madness"]}],"is_beta":false,"boss_relics":[{"not_picked":["Ectoplasm","Runic Pyramid"],"picked":"Mark of Pain"},{"not_picked":["Black Blood","Eternal Feather"],"picked":"Orrery"}],"items_purged_floors":[],"is_endless":false,"potions_floor_spawned":[1,7,11,12,18,20,30,35,38],"ascension_level":0}