{"gold_per_floor":[116,127,302,320,320,330,330,1,83,83,158,184,136,161,161,161],"floor_reached":16,"playtime":1051,"items_purged":["Doubt"],"score":98,"play_id":"e49396b3-bddf-45aa-b5c6-308bbcf55539","local_time":"20190719212907","is_ascension_mode":false,"campfire_choices":[{"data":"Heavy Blade","floor":7,"key":"SMITH"},{"data":"Bash","floor":10,"key":"SMITH"},{"floor":15,"key":"REST"}],"neow_cost":"TEN_PERCENT_HP_LOSS","seed_source_timestamp":326870559075200,"circlet_count":0,"master_deck":["Strike_R","Strike_R","Strike_R","Strike_R","Strike_R","Defend_R","Defend_R","Defend_R","Defend_R","Bash+1","Heavy Blade+1","Pummel","Combust","Iron Wave","Twin Strike","Pommel Strike"],"relics":["Burning Blood","Thread and Needle","Question Card","Shuriken","Happy Flower","Orichalcum"],"potions_floor_usage":[12,16],"damage_taken":[{"damage":6,"enemies":"Jaw Worm","floor":1,"turns":3},{"damage":5,"enemies":"Small Slimes","floor":2,"turns":4},{"damage":3,"enemies":"2 Louse","floor":4,"turns":4},{"damage":8,"enemies":"Blue Slaver","floor":6,"turns":4},{"damage":24,"enemies":"Lagavulin","floor":12,"turns":5},{"damage":67,"enemies":"Hexaghost","floor":16,"turns":11}],"seed_played":"4562393958355890936","potions_obtained":[{"floor":2,"key":"PowerPotion"},{"floor":6,"key":"Strength Potion"}],"is_trial":false,"path_per_floor":["M","M","?","M","?","M","R","$","T","R","?","E","$","T","R","B"],"character_chosen":"IRONCLAD","items_purchased":["Question Card","Pommel Strike"],"campfire_rested":1,"item_purchase_floors":[8,13],"current_hp_per_floor":[72,72,72,72,72,70,70,70,70,70,59,41,41,41,62,0],"gold":161,"neow_bonus":"ONE_RARE_RELIC","is_prod":false,"is_daily":false,"chose_seed":false,"campfire_upgraded":2,"win_rate":0,"timestamp":1563550147,"path_taken":["M","M","?","M","?","M","R","$","T","R","?","E","?","?","R","BOSS"],"build_version":"2019-07-17","purchased_purges":1,"victory":false,"max_hp_per_floor":[72,72,72,72,72,72,72,72,72,72,72,72,72,72,72,72],"card_choices":[{"not_picked":["Inflame","Body Slam"],"picked":"Heavy Blade","floor":1},{"not_picked":["Burning Pact","Havoc"],"picked":"Clash","floor":2},{"not_picked":["Clothesline","Anger"],"picked":"Pummel","floor":4},{"not_picked":["Clothesline","Warcry"],"picked":"Iron Wave","floor":6},{"not_picked":["Evolve","Second Wind","Thunderclap"],"picked":"Twin Strike","floor":12}],"player_experience":194107,"relics_obtained":[{"floor":9,"key":"Shuriken"},{"floor":12,"key":"Happy Flower"},{"floor":14,"key":"Orichalcum"}],"event_choices":[{"damage_healed":0,"gold_gain":175,"player_choice":"AGREE","damage_taken":0,"max_hp_gain":0,"max_hp_loss":0,"event_name":"Liars Game","floor":3,"gold_loss":0,"cards_obtained":["Doubt"]},{"damage_healed":0,"gold_gain":0,"cards_transformed":["Clash"],"player_choice":"Change","damage_taken":0,"max_hp_gain":0,"max_hp_loss":0,"event_name":"Living Wall","floor":5,"gold_loss":0,"cards_obtained":["Combust"]},{"damage_healed":0,"gold_gain":75,"player_choice":"Gather Gold","damage_taken":11,"max_hp_gain":0,"max_hp_loss":0,"event_name":"World of Goop","floor":11,"gold_loss":0}],"is_beta":false,"boss_relics":[],"items_purged_floors":[8],"is_endless":false,"potions_floor_spawned":[2,6],"killed_by":"Hexaghost","ascension_level":0}