{"gold_per_floor":[114,128,128,141,161,161,161,161,161,161,28,28,55,55,55,157,157,173,191,241,258,258,258,258,188,188,201,114,130,147,161,161,259,259,275,288,288,302,208,208,253,266,266,168,191,191,209,4,4,4],"floor_reached":51,"playtime":3976,"items_purged":[],"score":587,"play_id":"e52a0838-6701-4c46-8308-f8614efb7b3a","local_time":"20190727135730","is_ascension_mode":false,"campfire_choices":[{"data":"Juggernaut","floor":6,"key":"SMITH"},{"data":"Defend_R","floor":10,"key":"SMITH"},{"data":"Metallicize","floor":12,"key":"SMITH"},{"data":"Armaments","floor":15,"key":"SMITH"},{"data":"Juggernaut","floor":23,"key":"SMITH"},{"data":"Seeing Red","floor":32,"key":"SMITH"},{"floor":40,"key":"REST"},{"floor":49,"key":"REST"}],"neow_cost":"NONE","seed_source_timestamp":988021764550400,"circlet_count":0,"master_deck":["Strike_R","Strike_R","Strike_R","Defend_R+1","Defend_R","Defend_R","Defend_R","Bash","Pommel Strike","Juggernaut+1","Disarm","Evolve","Metallicize+1","Shrug It Off","Armaments+1","Juggernaut+1","Shrug It Off+1","Entrench","Discovery","Seeing Red+1","Flame Barrier","Entrench","Feed","Body Slam+1","Shockwave+1","Dark Shackles","Entrench+1","Metallicize","Metallicize","Armaments","Jack Of All Trades"],"relics":["Black Blood","Oddly Smooth Stone","Dead Branch","Nunchaku","Odd Mushroom","Matryoshka","Bag of Preparation","Happy Flower","Strawberry","Potion Belt","Fusion Hammer","Ice Cream","Bottled Flame","Centennial Puzzle","Dodecahedron"],"potions_floor_usage":[21,21,29,33,50,50,50,50,50],"damage_taken":[{"damage":0,"enemies":"Cultist","floor":1,"turns":3},{"damage":0,"enemies":"Jaw Worm","floor":2,"turns":3},{"damage":7,"enemies":"Small Slimes","floor":4,"turns":3},{"damage":8,"enemies":"3 Louse","floor":5,"turns":5},{"damage":9,"enemies":"The Mushroom Lair","floor":13,"turns":4},{"damage":18,"enemies":"Slime Boss","floor":16,"turns":11},{"damage":4,"enemies":"Chosen","floor":18,"turns":5},{"damage":14,"enemies":"3 Byrds","floor":19,"turns":4},{"damage":11,"enemies":"3 Cultists","floor":21,"turns":7},{"damage":11,"enemies":"Snake Plant","floor":27,"turns":4},{"damage":16,"enemies":"Sentry and Sphere","floor":29,"turns":5},{"damage":8,"enemies":"Centurion and Healer","floor":30,"turns":6},{"damage":12,"enemies":"3 Cultists","floor":31,"turns":4},{"damage":57,"enemies":"Collector","floor":33,"turns":10},{"damage":12,"enemies":"3 Shapes","floor":35,"turns":4},{"damage":23,"enemies":"3 Darklings","floor":36,"turns":5},{"damage":12,"enemies":"Transient","floor":38,"turns":5},{"damage":6,"enemies":"2 Orb Walkers","floor":41,"turns":5},{"damage":29,"enemies":"Sphere and 2 Shapes","floor":42,"turns":6},{"damage":5,"enemies":"3 Darklings","floor":47,"turns":6},{"damage":40,"enemies":"Donu and Deca","floor":50,"turns":8}],"seed_played":"2481548438743605646","potions_obtained":[{"floor":2,"key":"GamblersBrew"},{"floor":16,"key":"Energy Potion"},{"floor":27,"key":"AttackPotion"},{"floor":29,"key":"Weak Potion"},{"floor":33,"key":"Strength Potion"},{"floor":42,"key":"AttackPotion"},{"floor":47,"key":"AttackPotion"}],"is_trial":false,"path_per_floor":["M","M","?","M","M","R","$","?","T","R","$","R","?","T","R","B",null,"M","M","?","M","T","R","?","$","T","M","$","M","M","M","R","B",null,"M","M","?","M","$","R","?","M","T","$","T","T","M","$","R","B",null],"character_chosen":"IRONCLAD","items_purchased":["Metallicize","Shrug It Off","Entrench","Discovery","Dark Shackles","Metallicize","Armaments","Jack Of All Trades","EssenceOfSteel","SkillPotion"],"campfire_rested":2,"item_purchase_floors":[11,11,25,28,39,44,44,48,48,48],"current_hp_per_floor":[80,80,77,76,74,74,74,74,74,74,74,74,71,71,71,59,80,80,76,76,75,75,75,75,75,82,81,81,75,77,75,75,28,87,88,75,75,73,73,90,90,74,74,74,74,74,79,79,93,63],"gold":4,"neow_bonus":"RANDOM_COMMON_RELIC","is_prod":false,"is_daily":false,"chose_seed":false,"campfire_upgraded":6,"win_rate":0,"timestamp":1564214250,"path_taken":["M","?","?","M","M","R","$","?","T","R","$","R","?","?","R","BOSS","M","M","?","?","?","R","?","$","T","M","$","M","M","M","R","BOSS","M","M","?","M","$","R","?","M","T","$","?","?","M","$","R","BOSS"],"build_version":"2019-07-17","purchased_purges":0,"victory":true,"max_hp_per_floor":[80,80,80,80,80,80,80,80,80,80,80,80,80,80,80,80,80,80,80,80,80,80,80,80,80,87,87,87,87,87,87,87,87,87,90,90,90,90,90,90,90,93,93,93,93,93,93,93,93,93],"card_choices":[{"not_picked":["True Grit","Sword Boomerang"],"picked":"Pommel Strike","floor":1},{"not_picked":["True Grit","Havoc"],"picked":"Juggernaut","floor":2},{"not_picked":["Whirlwind","Thunderclap","Headbutt"],"picked":"SKIP","floor":4},{"not_picked":["Hemokinesis","Thunderclap"],"picked":"Disarm","floor":5},{"not_picked":["Hemokinesis","Anger"],"picked":"Armaments","floor":13},{"not_picked":["Berserk","Immolate"],"picked":"Juggernaut","floor":16},{"not_picked":["Clash+1","Fire Breathing","Pummel+1"],"picked":"SKIP","floor":18},{"not_picked":["Pommel Strike","Feel No Pain"],"picked":"Shrug It Off+1","floor":19},{"not_picked":["Thunderclap+1","Reckless Charge","Searing Blow"],"picked":"SKIP","floor":21},{"not_picked":["Anger","Headbutt","Perfected Strike"],"picked":"SKIP","floor":27},{"not_picked":["Offering","Rupture"],"picked":"Seeing Red","floor":29},{"not_picked":["Armaments","Perfected Strike+1"],"picked":"Flame Barrier","floor":30},{"not_picked":["Second Wind","Clash"],"picked":"Entrench","floor":31},{"not_picked":["Berserk","Offering"],"picked":"Feed","floor":33},{"not_picked":["Flame Barrier","Fire Breathing"],"picked":"Body Slam+1","floor":35},{"not_picked":["Wild Strike+1","Thunderclap","Heavy Blade+1"],"picked":"SKIP","floor":36},{"not_picked":["Bloodletting+1","Warcry+1"],"picked":"Shockwave+1","floor":38},{"not_picked":["Armaments+1","Spot Weakness"],"picked":"Entrench+1","floor":41},{"not_picked":["Armaments","Inflame"],"picked":"Metallicize","floor":42},{"not_picked":["Heavy Blade","Warcry","Anger+1"],"picked":"SKIP","floor":47}],"player_experience":223755,"relics_obtained":[{"floor":9,"key":"Nunchaku"},{"floor":13,"key":"Odd Mushroom"},{"floor":14,"key":"Matryoshka"},{"floor":22,"key":"Bag of Preparation"},{"floor":22,"key":"Happy Flower"},{"floor":26,"key":"Strawberry"},{"floor":26,"key":"Potion Belt"},{"floor":41,"key":"Ice Cream"},{"floor":43,"key":"Bottled Flame"},{"floor":45,"key":"Centennial Puzzle"},{"floor":46,"key":"Dodecahedron"}],"event_choices":[{"damage_healed":0,"gold_gain":0,"player_choice":"Success","damage_taken":3,"relics_obtained":["Dead Branch"],"max_hp_gain":0,"max_hp_loss":0,"event_name":"Scrap Ooze","floor":3,"gold_loss":0},{"damage_healed":0,"gold_gain":0,"cards_transformed":["Strike_R"],"player_choice":"Change","damage_taken":0,"max_hp_gain":0,"max_hp_loss":0,"event_name":"Living Wall","floor":8,"gold_loss":0,"cards_obtained":["Evolve"]},{"damage_healed":0,"gold_gain":0,"player_choice":"Fought Mushrooms","damage_taken":0,"max_hp_gain":0,"max_hp_loss":0,"event_name":"Mushrooms","floor":13,"gold_loss":0},{"damage_healed":0,"gold_gain":100,"player_choice":"Bet on Murderer","damage_taken":0,"max_hp_gain":0,"max_hp_loss":0,"event_name":"The Joust","floor":20,"gold_loss":50},{"damage_healed":0,"gold_gain":0,"player_choice":"Ignored","damage_taken":0,"max_hp_gain":0,"max_hp_loss":0,"event_name":"Beggar","floor":24,"gold_loss":0},{"cards_removed":["Strike_R"],"damage_healed":0,"gold_gain":0,"player_choice":"Removed Attack","damage_taken":0,"max_hp_gain":0,"max_hp_loss":0,"event_name":"Falling","floor":37,"gold_loss":0},{"damage_healed":0,"gold_gain":0,"player_choice":"Fight","damage_taken":0,"max_hp_gain":0,"max_hp_loss":0,"event_name":"Mysterious Sphere","floor":41,"gold_loss":0}],"is_beta":false,"boss_relics":[{"not_picked":["Coffee Dripper","Runic Dome"],"picked":"Black Blood"},{"not_picked":["Busted Crown","Empty Cage"],"picked":"Fusion Hammer"}],"items_purged_floors":[],"is_endless":false,"potions_floor_spawned":[2,16,27,29,33,42,47],"ascension_level":0}