{"gold_per_floor":[115,115,130,130,146,146,157,157,183,183,183,203,203,220,220,315,315,333,348,124,124,124,124,124,124,150,162,177,177,277,293,293,398,398,414,241,241,241,251,251,265,115,115,115,128,147,160,160,160,160],"floor_reached":50,"playtime":3559,"items_purged":[],"score":510,"play_id":"b1eb9081-4abf-4768-8511-ff589b623873","local_time":"20200106181922","is_ascension_mode":true,"campfire_choices":[{"data":"Iron Wave","floor":6,"key":"SMITH"},{"data":"Seeing Red","floor":8,"key":"SMITH"},{"data":"Body Slam","floor":15,"key":"SMITH"},{"data":"Armaments","floor":23,"key":"SMITH"},{"data":"Metallicize","floor":25,"key":"SMITH"},{"data":"Dual Wield","floor":32,"key":"SMITH"},{"data":"Barricade","floor":40,"key":"SMITH"},{"floor":44,"key":"RECALL"},{"data":"Armaments","floor":49,"key":"SMITH"}],"neow_cost":"NONE","seed_source_timestamp":443274668826300,"circlet_count":0,"master_deck":["Strike_R","Strike_R","Strike_R","Defend_R","Defend_R","Defend_R","Defend_R","Bash","Iron Wave+1","Seeing Red+1","Cleave","Sentinel","Body Slam+1","Bludgeon","Body Slam","Metallicize+1","Armaments+1","Dual Wield+1","Barricade+1","Armaments+1","Armaments+1","Ghostly Armor+1","Rampage","Pommel Strike+1","Shrug It Off","Armaments","Iron Wave+1","Iron Wave","Entrench+1","Cleave"],"relics":["Coffee Dripper","Bronze Scales","Oddly Smooth Stone","Odd Mushroom","WarpedTongs","Empty Cage","Blood Vial","Sundial","Charon\u0027s Ashes","Paper Frog","Orrery","Lantern","Toxic Egg 2"],"potions_floor_usage":[16,30,30,33,33,45,46,47,47,48,50,50],"damage_taken":[{"damage":5,"enemies":"Small Slimes","floor":1,"turns":4},{"damage":0,"enemies":"2 Louse","floor":3,"turns":3},{"damage":1,"enemies":"Cultist","floor":5,"turns":3},{"damage":26,"enemies":"Large Slime","floor":7,"turns":7},{"damage":8,"enemies":"The Mushroom Lair","floor":12,"turns":3},{"damage":3,"enemies":"2 Fungi Beasts","floor":14,"turns":2},{"damage":26,"enemies":"Hexaghost","floor":16,"turns":10},{"damage":0,"enemies":"Chosen","floor":18,"turns":2},{"damage":1,"enemies":"3 Byrds","floor":19,"turns":3},{"damage":6,"enemies":"Cultist and Chosen","floor":27,"turns":8},{"damage":9,"enemies":"Shelled Parasite and Fungi","floor":28,"turns":6},{"damage":19,"enemies":"Colosseum Slavers","floor":30,"turns":4},{"damage":1,"enemies":"Colosseum Nobs","floor":30,"turns":4},{"damage":9,"enemies":"Snake Plant","floor":31,"turns":4},{"damage":63,"enemies":"Collector","floor":33,"turns":14},{"damage":26,"enemies":"3 Darklings","floor":35,"turns":7},{"damage":0,"enemies":"Orb Walker","floor":39,"turns":4},{"damage":8,"enemies":"Spire Growth","floor":41,"turns":6},{"damage":21,"enemies":"Sphere and 2 Shapes","floor":45,"turns":5},{"damage":20,"enemies":"Jaw Worm Horde","floor":46,"turns":6},{"damage":15,"enemies":"Spire Growth","floor":47,"turns":5},{"damage":0,"enemies":"Reptomancer","floor":48,"turns":1},{"damage":21,"enemies":"Time Eater","floor":50,"turns":1}],"seed_played":"-4300939602961828400","potions_obtained":[{"floor":3,"key":"Dexterity Potion"},{"floor":7,"key":"BloodPotion"},{"floor":12,"key":"Regen Potion"},{"floor":18,"key":"Strength Potion"},{"floor":28,"key":"Regen Potion"},{"floor":30,"key":"Dexterity Potion"},{"floor":41,"key":"EntropicBrew"},{"floor":45,"key":"Energy Potion"},{"floor":47,"key":"LiquidBronze"}],"is_trial":false,"path_per_floor":["M","$","M","?","M","R","M","R","T","?","?","?","?","M","R","B",null,"M","M","$","?","?","R","$","R","T","M","M","$","?","M","R","B",null,"M","$","?","?","M","R","M","$","T","R","M","M","M","E","R","B"],"character_chosen":"IRONCLAD","items_purchased":["Metallicize","Blood Vial","Shrug It Off","Lantern","EssenceOfSteel","Regen Potion"],"campfire_rested":0,"item_purchase_floors":[20,20,36,36,42,42],"current_hp_per_floor":[75,75,75,80,79,79,53,53,53,53,50,42,42,39,39,28,85,85,84,84,84,68,68,68,68,68,64,57,57,53,46,46,7,90,64,64,64,55,57,57,51,51,51,51,46,28,15,17,17,0],"gold":160,"neow_bonus":"BOSS_RELIC","is_prod":false,"is_daily":false,"chose_seed":false,"campfire_upgraded":8,"win_rate":0,"timestamp":1578313162,"path_taken":["M","$","M","?","M","R","M","R","T","?","?","?","?","M","R","BOSS","M","M","?","?","?","R","$","R","T","M","M","$","?","M","R","BOSS","M","$","?","?","?","R","M","$","T","R","M","M","M","E","R","BOSS"],"build_version":"2019-07-17","purchased_purges":0,"victory":false,"max_hp_per_floor":[80,80,80,85,85,85,85,85,85,85,85,85,85,85,85,85,85,85,85,85,85,90,90,90,90,90,90,90,90,90,90,90,90,90,90,90,90,90,90,90,90,90,90,90,90,90,90,90,90,90],"card_choices":[{"not_picked":["Clothesline","Wild Strike","True Grit"],"picked":"SKIP","floor":1},{"not_picked":["Cleave","Twin Strike"],"picked":"Iron Wave","floor":3},{"not_picked":["Havoc","Clothesline","Rage"],"picked":"SKIP","floor":5},{"not_picked":["Wild Strike","Brutality"],"picked":"Seeing Red","floor":7},{"not_picked":["Dual Wield","Headbutt"],"picked":"Sentinel","floor":12},{"not_picked":["Intimidate","Warcry"],"picked":"Body Slam","floor":14},{"not_picked":["Fiend Fire","Brutality"],"picked":"Bludgeon","floor":16},{"not_picked":["Whirlwind","Shrug It Off"],"picked":"Body Slam","floor":18},{"not_picked":["Pommel Strike","Havoc"],"picked":"Armaments","floor":19},{"not_picked":["Power Through+1","Corruption+1"],"picked":"Armaments+1","floor":27},{"not_picked":["Sword Boomerang","Corruption+1","Wild Strike"],"picked":"SKIP","floor":28},{"not_picked":["Wild Strike","Warcry"],"picked":"Dual Wield","floor":30},{"not_picked":["Headbutt","Sword Boomerang","Heavy Blade"],"picked":"SKIP","floor":31},{"not_picked":["Feed","Immolate"],"picked":"Barricade","floor":33},{"not_picked":["Twin Strike","True Grit"],"picked":"Armaments","floor":34},{"not_picked":["Power Through","Blood for Blood"],"picked":"Armaments+1","floor":34},{"not_picked":["Fire Breathing","Body Slam"],"picked":"Ghostly Armor+1","floor":34},{"not_picked":["Clash","Bloodletting+1"],"picked":"Rampage","floor":34},{"not_picked":["Bludgeon","Heavy Blade"],"picked":"Pommel Strike+1","floor":35},{"not_picked":["Reckless Charge+1","Cleave"],"picked":"Armaments","floor":39},{"not_picked":["Perfected Strike","Warcry+1"],"picked":"Iron Wave+1","floor":41},{"not_picked":["Clash","Clothesline+1"],"picked":"Iron Wave","floor":45},{"not_picked":["Battle Trance+1","Anger+1"],"picked":"Entrench+1","floor":46},{"not_picked":["Clash+1","Pummel"],"picked":"Cleave","floor":47}],"player_experience":267783,"relics_obtained":[{"floor":9,"key":"Bronze Scales"},{"floor":12,"key":"Odd Mushroom"},{"floor":30,"key":"Charon\u0027s Ashes"},{"floor":30,"key":"Paper Frog"},{"floor":43,"key":"Toxic Egg 2"}],"event_choices":[{"damage_healed":0,"gold_gain":0,"player_choice":"Donut","damage_taken":0,"max_hp_gain":5,"max_hp_loss":0,"event_name":"Big Fish","floor":4,"gold_loss":0},{"damage_healed":0,"gold_gain":0,"cards_transformed":["Strike_R"],"player_choice":"Change","damage_taken":0,"max_hp_gain":0,"max_hp_loss":0,"event_name":"Living Wall","floor":10,"gold_loss":0,"cards_obtained":["Cleave"]},{"damage_healed":0,"gold_gain":0,"player_choice":"Success","damage_taken":3,"relics_obtained":["Oddly Smooth Stone"],"max_hp_gain":0,"max_hp_loss":0,"event_name":"Scrap Ooze","floor":11,"gold_loss":0},{"damage_healed":0,"gold_gain":0,"player_choice":"Fought Mushrooms","damage_taken":0,"max_hp_gain":0,"max_hp_loss":0,"event_name":"Mushrooms","floor":12,"gold_loss":0},{"damage_healed":0,"gold_gain":0,"player_choice":"Rummage","damage_taken":0,"relics_obtained":["WarpedTongs"],"max_hp_gain":0,"max_hp_loss":0,"event_name":"Accursed Blacksmith","floor":13,"gold_loss":0,"cards_obtained":["Pain"]},{"damage_healed":0,"gold_gain":0,"player_choice":"Opened","damage_taken":0,"relics_obtained":["Sundial"],"max_hp_gain":0,"max_hp_loss":0,"event_name":"The Mausoleum","floor":21,"gold_loss":0},{"damage_healed":0,"gold_gain":0,"player_choice":"Shed Blood","damage_taken":21,"max_hp_gain":5,"max_hp_loss":0,"event_name":"Forgotten Altar","floor":22,"gold_loss":0},{"damage_healed":0,"gold_gain":0,"player_choice":"Fight","damage_taken":0,"max_hp_gain":0,"max_hp_loss":0,"event_name":"Colosseum","floor":30,"gold_loss":0},{"damage_healed":0,"gold_gain":0,"player_choice":"Fought Nobs","damage_taken":0,"max_hp_gain":0,"max_hp_loss":0,"event_name":"Colosseum","floor":30,"gold_loss":0},{"cards_removed":["Armaments"],"damage_healed":0,"gold_gain":0,"player_choice":"Removed Skill","damage_taken":0,"max_hp_gain":0,"max_hp_loss":0,"event_name":"Falling","floor":37,"gold_loss":0},{"damage_healed":0,"gold_gain":0,"player_choice":"Damaged","damage_taken":9,"max_hp_gain":0,"max_hp_loss":0,"event_name":"Wheel of Change","floor":38,"gold_loss":0}],"is_beta":false,"boss_relics":[{"not_picked":["Sozu","Runic Pyramid"],"picked":"Empty Cage"},{"not_picked":["Lizard Tail","Fusion Hammer"],"picked":"Orrery"}],"items_purged_floors":[],"is_endless":false,"potions_floor_spawned":[3,7,12,14,18,27,28,30,41,45,47],"killed_by":"Time Eater","ascension_level":1}