{"gold_per_floor":[115,125,135,135,135,163,183,183,483,207,207,220,152,184,184,281,281,295,295,295,295,71,71],"floor_reached":23,"playtime":1668,"items_purged":["Regret"],"score":207,"play_id":"85a1d20b-8b0f-49d3-a91e-a09d76d91f94","local_time":"20200107021654","is_ascension_mode":true,"campfire_choices":[{"floor":8,"key":"REST"},{"data":"Heavy Blade","floor":11,"key":"SMITH"},{"data":"Iron Wave","floor":15,"key":"SMITH"}],"neow_cost":"NONE","seed_source_timestamp":473818475616000,"circlet_count":0,"master_deck":["Strike_R","Strike_R","Strike_R","Strike_R","Strike_R","Defend_R","Defend_R","Defend_R","Defend_R","Bash","Iron Wave+1","Pommel Strike","Body Slam","Heavy Blade+1","Inflame","Heavy Blade","Iron Wave","Double Tap","Limit Break","Iron Wave","Writhe","Armaments"],"relics":["Burning Blood","WingedGreaves","Shuriken","Old Coin","Orichalcum","Matryoshka","Black Star","Regal Pillow","Frozen Eye"],"potions_floor_usage":[6,16,16],"damage_taken":[{"damage":7,"enemies":"Cultist","floor":1,"turns":5},{"damage":2,"enemies":"2 Louse","floor":2,"turns":2},{"damage":5,"enemies":"Small Slimes","floor":3,"turns":3},{"damage":65,"enemies":"Lagavulin","floor":6,"turns":9},{"damage":15,"enemies":"Gremlin Gang","floor":7,"turns":5},{"damage":0,"enemies":"Looter","floor":12,"turns":4},{"damage":11,"enemies":"3 Sentries","floor":14,"turns":8},{"damage":45,"enemies":"The Guardian","floor":16,"turns":10},{"damage":19,"enemies":"3 Byrds","floor":18,"turns":7},{"damage":73,"enemies":"Gremlin Leader","floor":23,"turns":5}],"seed_played":"635344055422112587","potions_obtained":[{"floor":2,"key":"PowerPotion"},{"floor":6,"key":"GamblersBrew"},{"floor":12,"key":"Fire Potion"}],"is_trial":false,"path_per_floor":["M","M","M","?","?","E","M","R","T","$","R","M","$","E","R","B",null,"M","?","?","?","$","E"],"character_chosen":"IRONCLAD","items_purchased":["Heavy Blade","Orichalcum","Double Tap","Armaments","Frozen Eye"],"campfire_rested":1,"item_purchase_floors":[10,10,13,22,22],"current_hp_per_floor":[87,88,88,88,88,29,20,46,46,46,46,52,52,47,47,8,88,75,66,66,66,66,0],"gold":71,"neow_bonus":"TEN_PERCENT_HP_BONUS","is_prod":false,"is_daily":false,"chose_seed":false,"campfire_upgraded":2,"win_rate":0,"timestamp":1578341814,"path_taken":["M","M","?","?","?","E","M","R","T","$","R","M","$","E","R","BOSS","M","?","?","?","$","E"],"build_version":"2019-07-17","purchased_purges":1,"victory":false,"max_hp_per_floor":[88,88,88,88,88,88,88,88,88,88,88,88,88,88,88,88,88,88,88,88,88,88,88],"card_choices":[{"not_picked":["Twin Strike","Sever Soul"],"picked":"Iron Wave","floor":1},{"not_picked":["Flex","Headbutt"],"picked":"Pommel Strike","floor":2},{"not_picked":["Shrug It Off","Clothesline"],"picked":"Body Slam","floor":3},{"not_picked":["Infernal Blade","Headbutt"],"picked":"Heavy Blade","floor":6},{"not_picked":["Shrug It Off","Clothesline"],"picked":"Inflame","floor":7},{"not_picked":["Entrench","Anger"],"picked":"Iron Wave","floor":12},{"not_picked":["Perfected Strike","Anger","Bloodletting"],"picked":"SKIP","floor":14},{"not_picked":["Exhume","Fiend Fire"],"picked":"Limit Break","floor":16},{"not_picked":["Headbutt+1","Whirlwind"],"picked":"Iron Wave","floor":18}],"player_experience":271342,"relics_obtained":[{"floor":6,"key":"Shuriken"},{"floor":9,"key":"Old Coin"},{"floor":14,"key":"Matryoshka"}],"event_choices":[{"damage_healed":0,"gold_gain":0,"player_choice":"Box","damage_taken":0,"relics_obtained":["WingedGreaves"],"max_hp_gain":0,"max_hp_loss":0,"event_name":"Big Fish","floor":4,"gold_loss":0,"cards_obtained":["Regret"]},{"damage_healed":0,"gold_gain":0,"player_choice":"Ignored","damage_taken":0,"max_hp_gain":0,"max_hp_loss":0,"event_name":"Golden Idol","floor":5,"gold_loss":0},{"damage_healed":0,"gold_gain":0,"player_choice":"Stopped","damage_taken":9,"max_hp_gain":0,"max_hp_loss":0,"event_name":"Cursed Tome","floor":19,"gold_loss":0},{"damage_healed":0,"gold_gain":0,"player_choice":"Ignored","damage_taken":0,"max_hp_gain":0,"max_hp_loss":0,"event_name":"Ghosts","floor":20,"gold_loss":0},{"damage_healed":0,"gold_gain":0,"player_choice":"Opened","damage_taken":0,"relics_obtained":["Regal Pillow"],"max_hp_gain":0,"max_hp_loss":0,"event_name":"The Mausoleum","floor":21,"gold_loss":0,"cards_obtained":["Writhe"]}],"is_beta":false,"boss_relics":[{"not_picked":["Empty Cage","Runic Pyramid"],"picked":"Black Star"}],"items_purged_floors":[10],"is_endless":false,"potions_floor_spawned":[2,6,12],"killed_by":"Gremlin Leader","ascension_level":1}