{"gold_per_floor":[10,10,26,26,45,45,63,80,104,291,303,331,363,199,199,302,302,313,32,48,61,160,160,188,188,256,283,177,177],"floor_reached":29,"playtime":2397,"items_purged":["Doubt"],"score":293,"play_id":"83c695cb-9edc-41c1-bede-4cde679556d7","local_time":"20200106171949","is_ascension_mode":true,"campfire_choices":[{"data":"Armaments","floor":6.0,"key":"SMITH"},{"data":"Barricade","floor":15.0,"key":"SMITH"},{"data":"Armaments","floor":23.0,"key":"SMITH"},{"data":"Armaments","floor":25.0,"key":"SMITH"}],"neow_cost":"NO_GOLD","seed_source_timestamp":0,"circlet_count":0,"master_deck":["Strike_R","Strike_R","Strike_R","Strike_R","Strike_R","Defend_R","Defend_R","Defend_R","Defend_R","Bash","Juggernaut+1","Armaments+1","Pommel Strike","Armaments+1","Shrug It Off","Barricade+1","Entrench","Armaments+1","Berserk","Blood for Blood+1","Shrug It Off","Seeing Red","Flame Barrier+1","Armaments","Madness"],"special_seed":0,"relics":["Burning Blood","Oddly Smooth Stone","MawBank","Pantograph","Busted Crown","Bottled Tornado","Bag of Marbles","Pear","Ancient Tea Set"],"potions_floor_usage":[29],"damage_taken":[{"damage":3.0,"enemies":"Jaw Worm","floor":1.0,"turns":5.0},{"damage":10.0,"enemies":"Small Slimes","floor":3.0,"turns":3.0},{"damage":6.0,"enemies":"2 Louse","floor":5.0,"turns":2.0},{"damage":4.0,"enemies":"Looter","floor":7.0,"turns":4.0},{"damage":30.0,"enemies":"Exordium Thugs","floor":8.0,"turns":6.0},{"damage":3.0,"enemies":"3 Louse","floor":12.0,"turns":4.0},{"damage":22.0,"enemies":"Exordium Wildlife","floor":13.0,"turns":7.0},{"damage":23.0,"enemies":"The Guardian","floor":16.0,"turns":14.0},{"damage":0.0,"enemies":"Chosen","floor":18.0,"turns":5.0},{"damage":32.0,"enemies":"3 Byrds","floor":20.0,"turns":7.0},{"damage":0.0,"enemies":"Cultist and Chosen","floor":21.0,"turns":8.0},{"damage":23.0,"enemies":"Slavers","floor":24.0,"turns":8.0},{"damage":15.0,"enemies":"Gremlin Leader","floor":27.0,"turns":7.0},{"damage":27,"enemies":"Colosseum Slavers","floor":29,"turns":6},{"damage":46,"enemies":"Colosseum Nobs","floor":29,"turns":4}],"seed_played":"-3223131113542108206","potions_obtained":[{"floor":3.0,"key":"Ancient Potion"},{"floor":8.0,"key":"AttackPotion"},{"floor":12.0,"key":"BloodPotion"},{"floor":24.0,"key":"Fire Potion"}],"is_trial":false,"path_per_floor":["M","?","M","?","M","R","M","M","T","?","T","M","M","$","R","B",null,"M","$","M","M","?","R","E","R","T","E","$","?"],"character_chosen":"IRONCLAD","items_purchased":["Armaments","SkillPotion","Bottled Tornado","Shrug It Off","Armaments","Madness"],"campfire_rested":0,"item_purchase_floors":[14,14,19,19,28,28],"current_hp_per_floor":[80,80,76,58,58,58,60,36,36,36,36,39,43,43,43,51,80,80,80,54,60,60,60,43,43,53,44,44,0],"gold":177,"neow_bonus":"THREE_RARE_CARDS","is_prod":false,"is_daily":false,"chose_seed":false,"campfire_upgraded":4,"win_rate":0,"timestamp":1578309589,"path_taken":["M","?","M","?","M","R","M","M","T","?","?","?","M","$","R","BOSS","M","$","M","M","?","R","E","R","T","E","$","?"],"build_version":"2019-07-17","purchased_purges":1,"victory":false,"max_hp_per_floor":[80,80,80,80,80,80,80,80,80,80,80,80,80,80,80,80,80,80,80,80,80,80,80,80,80,90,90,90,90],"card_choices":[{"not_picked":["Double Tap","Fiend Fire"],"picked":"Juggernaut","floor":0.0},{"not_picked":["Thunderclap","True Grit","Anger"],"picked":"SKIP","floor":1.0},{"not_picked":["Blood for Blood","Shockwave"],"picked":"Armaments","floor":3.0},{"not_picked":["True Grit","Flex"],"picked":"Pommel Strike","floor":5.0},{"not_picked":["Battle Trance","Blood for Blood"],"picked":"Armaments","floor":7.0},{"not_picked":["Clash","Flex"],"picked":"Shrug It Off","floor":8.0},{"not_picked":["Pommel Strike","Iron Wave"],"picked":"Barricade","floor":12.0},{"not_picked":["Havoc","Armaments"],"picked":"Entrench","floor":13.0},{"not_picked":["Brutality","Exhume"],"picked":"Berserk","floor":16.0},{"not_picked":[],"picked":"Blood for Blood+1","floor":18.0},{"not_picked":[],"picked":"Seeing Red","floor":20.0},{"not_picked":[],"picked":"Flame Barrier+1","floor":21.0},{"not_picked":["Thunderclap"],"picked":"SKIP","floor":24.0},{"not_picked":["Hemokinesis+1"],"picked":"SKIP","floor":27.0}],"player_experience":265386,"relics_obtained":[{"floor":9.0,"key":"MawBank"},{"floor":11.0,"key":"Pantograph"},{"floor":24.0,"key":"Bag of Marbles"},{"floor":26.0,"key":"Pear"},{"floor":27.0,"key":"Ancient Tea Set"}],"event_choices":[{"damage_healed":0.0,"max_hp_gain":0.0,"max_hp_loss":0.0,"gold_gain":0.0,"event_name":"Living Wall","player_choice":"Grow","floor":2.0,"gold_loss":0.0,"damage_taken":0.0,"cards_upgraded":["Juggernaut"]},{"damage_healed":0.0,"max_hp_gain":0.0,"max_hp_loss":0.0,"gold_gain":0.0,"event_name":"Scrap Ooze","player_choice":"Success","floor":4.0,"gold_loss":0.0,"damage_taken":18.0,"relics_obtained":["Oddly Smooth Stone"]},{"damage_healed":0.0,"max_hp_gain":0.0,"max_hp_loss":0.0,"gold_gain":175.0,"event_name":"Liars Game","player_choice":"AGREE","floor":10.0,"gold_loss":0.0,"damage_taken":0.0,"cards_obtained":["Doubt"]},{"damage_healed":0.0,"max_hp_gain":0.0,"max_hp_loss":0.0,"gold_gain":99.0,"event_name":"Nest","player_choice":"Stole From Cult","floor":22.0,"gold_loss":0.0,"damage_taken":0.0},{"damage_healed":0,"gold_gain":0,"player_choice":"Fight","damage_taken":0,"max_hp_gain":0,"max_hp_loss":0,"event_name":"Colosseum","floor":29,"gold_loss":0},{"damage_healed":0,"gold_gain":0,"player_choice":"Fought Nobs","damage_taken":0,"max_hp_gain":0,"max_hp_loss":0,"event_name":"Colosseum","floor":29,"gold_loss":0}],"is_beta":false,"boss_relics":[{"not_picked":["Empty Cage","Black Star"],"picked":"Busted Crown"}],"items_purged_floors":[14],"is_endless":false,"potions_floor_spawned":[3,8,12,24,29],"killed_by":"Colosseum Nobs","ascension_level":1}