{"gold_per_floor":[16,16,30,205,280,305,305,139,216,25,39,39,59,72,72,72],"floor_reached":16,"playtime":1072,"items_purged":["Doubt"],"score":105,"play_id":"75495fca-3e4d-4a0b-af68-b0f7593b64d8","local_time":"20200103163526","is_ascension_mode":true,"campfire_choices":[{"data":"Body Slam","floor":7,"key":"SMITH"},{"data":"Madness","floor":12,"key":"SMITH"},{"data":"Defend_R","floor":15,"key":"SMITH"}],"neow_cost":"NO_GOLD","seed_source_timestamp":180329857490900,"circlet_count":0,"master_deck":["Strike_R","Strike_R","Strike_R","Strike_R","Strike_R","Defend_R+1","Defend_R+1","Defend_R","Defend_R","Bash","Cleave","Body Slam+1","Iron Wave","Madness+1","Shrug It Off"],"relics":["Burning Blood","Peace Pipe","Mango","Matryoshka","Anchor"],"potions_floor_usage":[],"damage_taken":[{"damage":2,"enemies":"2 Louse","floor":1,"turns":3},{"damage":5,"enemies":"Jaw Worm","floor":3,"turns":4},{"damage":36,"enemies":"3 Sentries","floor":6,"turns":12},{"damage":0,"enemies":"Small Slimes","floor":11,"turns":2},{"damage":0,"enemies":"2 Fungi Beasts","floor":13,"turns":2},{"damage":4,"enemies":"Exordium Wildlife","floor":14,"turns":4},{"damage":78,"enemies":"Slime Boss","floor":16,"turns":11}],"seed_played":"2953189994887083520","potions_obtained":[{"floor":6,"key":"SmokeBomb"},{"floor":11,"key":"Ancient Potion"}],"is_trial":false,"path_per_floor":["M","?","M","?","?","E","R","$","T","$","M","R","M","M","R","B"],"character_chosen":"IRONCLAD","items_purchased":["Madness","Shrug It Off","Anchor"],"campfire_rested":0,"item_purchase_floors":[8,10,10],"current_hp_per_floor":[80,80,80,80,69,53,53,53,53,53,59,59,65,67,67,0],"gold":72,"neow_bonus":"ONE_RARE_RELIC","is_prod":false,"is_daily":false,"chose_seed":false,"campfire_upgraded":3,"win_rate":0,"timestamp":1578047726,"path_taken":["M","?","M","?","?","E","R","?","T","?","M","R","M","M","R","BOSS"],"build_version":"2019-07-17","purchased_purges":1,"victory":false,"max_hp_per_floor":[80,80,80,80,80,94,94,94,94,94,94,94,94,94,94,94],"card_choices":[{"not_picked":["Disarm","Combust"],"picked":"Cleave","floor":1},{"not_picked":["Cleave","Evolve"],"picked":"Body Slam","floor":3},{"not_picked":["Clothesline","Twin Strike"],"picked":"Iron Wave","floor":6},{"not_picked":["Uppercut","Wild Strike","Clothesline"],"picked":"SKIP","floor":11},{"not_picked":["Spot Weakness","Fire Breathing","Clash"],"picked":"SKIP","floor":13},{"not_picked":["Headbutt","Second Wind","Burning Pact"],"picked":"SKIP","floor":14}],"player_experience":264314,"relics_obtained":[{"floor":6,"key":"Mango"},{"floor":9,"key":"Matryoshka"}],"event_choices":[{"damage_healed":0,"gold_gain":0,"player_choice":"Grow","damage_taken":0,"max_hp_gain":0,"max_hp_loss":0,"event_name":"Living Wall","floor":2,"gold_loss":0,"cards_upgraded":["Defend_R"]},{"damage_healed":0,"gold_gain":175,"player_choice":"AGREE","damage_taken":0,"max_hp_gain":0,"max_hp_loss":0,"event_name":"Liars Game","floor":4,"gold_loss":0,"cards_obtained":["Doubt"]},{"damage_healed":0,"gold_gain":75,"player_choice":"Gather Gold","damage_taken":11,"max_hp_gain":0,"max_hp_loss":0,"event_name":"World of Goop","floor":5,"gold_loss":0}],"is_beta":false,"boss_relics":[],"items_purged_floors":[8],"is_endless":false,"potions_floor_spawned":[6,11],"killed_by":"Slime Boss","ascension_level":1}