{"gold_per_floor":[111,129,129,129,129,157,176,204,204,204,214,540,540,155,155,255,255,265,265,275,275,286,286,316,316,392,420,420,35,215,68,68,166,166,178,192,212,226,39,39,39,54,108,120,157,169,199,224,236,248,260,272,20,54,54],"floor_reached":55,"playtime":4083,"items_purged":[],"score":891,"play_id":"3cd18d8f-f87a-436b-9c88-8a17fb249753","local_time":"20200114223251","is_ascension_mode":true,"campfire_choices":[{"data":"Bash","floor":10,"key":"SMITH"},{"data":"Infernal Blade","floor":13,"key":"SMITH"},{"data":"Discovery","floor":15,"key":"SMITH"},{"data":"Metallicize","floor":23,"key":"SMITH"},{"data":"Metallicize","floor":25,"key":"SMITH"},{"floor":28,"key":"REST"},{"floor":32,"key":"RECALL"},{"data":"Metallicize","floor":40,"key":"SMITH"},{"data":"Metallicize","floor":44,"key":"SMITH"},{"floor":46,"key":"REST"},{"floor":49,"key":"REST"},{"data":"Exhume","floor":52,"key":"SMITH"}],"neow_cost":"NONE","seed_source_timestamp":1149159785172400,"circlet_count":0,"master_deck":["Strike_R+1","Strike_R+1","Strike_R+1","Strike_R+1","Defend_R+1","Defend_R+1","Defend_R+1","Defend_R+1","Bash+1","Cleave+1","Impervious","Whirlwind","Spot Weakness","Infernal Blade+1","Rupture","Metallicize+1","Shrug It Off","Discovery+1","Demon Form","Heavy Blade","Twin Strike","Cleave","Metallicize+1","Exhume+1","Thunderclap+1","Spot Weakness","Spot Weakness+1","Seeing Red","Heavy Blade+1","Brutality","Metallicize+1","Reaper","Twin Strike+1","Anger+1","Twin Strike","Iron Wave+1","Metallicize+1","Shrug It Off","Flame Barrier+1","Armaments+1","Intimidate+1","Metallicize+1","Cleave+1"],"relics":["Burning Blood","NeowsBlessing","Paper Frog","Blue Candle","Matryoshka","Old Coin","Toy Ornithopter","Orrery","Lantern","Omamori","Smiling Mask","Pear","Mark of Pain","Meat on the Bone","MawBank","Molten Egg 2","DollysMirror","Unceasing Top"],"potions_floor_usage":[8,8,18,24,24,27,33,33,33,36,42,45,45,47,50,54,54,54,55],"damage_taken":[{"damage":0,"enemies":"Cultist","floor":1,"turns":1},{"damage":0,"enemies":"Jaw Worm","floor":2,"turns":1},{"damage":0,"enemies":"Gremlin Nob","floor":6,"turns":1},{"damage":0,"enemies":"Small Slimes","floor":7,"turns":3},{"damage":14,"enemies":"Lagavulin","floor":8,"turns":5},{"damage":11,"enemies":"Red Slaver","floor":11,"turns":3},{"damage":18,"enemies":"3 Sentries","floor":12,"turns":3},{"damage":36,"enemies":"Hexaghost","floor":16,"turns":9},{"damage":10,"enemies":"3 Byrds","floor":18,"turns":4},{"damage":8,"enemies":"Spheric Guardian","floor":20,"turns":5},{"damage":9,"enemies":"Chosen and Byrds","floor":22,"turns":6},{"damage":47,"enemies":"Slavers","floor":24,"turns":5},{"damage":40,"enemies":"Gremlin Leader","floor":27,"turns":4},{"damage":67,"enemies":"Automaton","floor":33,"turns":10},{"damage":26,"enemies":"Orb Walker","floor":35,"turns":4},{"damage":28,"enemies":"3 Darklings","floor":36,"turns":4},{"damage":12,"enemies":"Transient","floor":37,"turns":5},{"damage":67,"enemies":"Jaw Worm Horde","floor":38,"turns":4},{"damage":2,"enemies":"3 Darklings","floor":42,"turns":5},{"damage":69,"enemies":"Giant Head","floor":45,"turns":9},{"damage":41,"enemies":"Writhing Mass","floor":47,"turns":7},{"damage":13,"enemies":"Maw","floor":48,"turns":8},{"damage":104,"enemies":"Donu and Deca","floor":50,"turns":9},{"damage":129,"enemies":"Shield and Spear","floor":54,"turns":11},{"damage":65,"enemies":"The Heart","floor":55,"turns":3}],"seed_played":"-3247852076155315475","potions_obtained":[{"floor":1,"key":"Block Potion"},{"floor":6,"key":"Energy Potion"},{"floor":7,"key":"Weak Potion"},{"floor":12,"key":"Energy Potion"},{"floor":20,"key":"Dexterity Potion"},{"floor":22,"key":"BloodPotion"},{"floor":33,"key":"Swift Potion"},{"floor":42,"key":"Dexterity Potion"},{"floor":45,"key":"GamblersBrew"},{"floor":47,"key":"SpeedPotion"},{"floor":48,"key":"SteroidPotion"},{"floor":54,"key":"LiquidBronze"}],"is_trial":false,"path_per_floor":["M","M","?","?","?","E","M","E","T","R","M","E","R","$","R","B",null,"M","?","M","?","M","R","E","R","T","E","R","$","?","$","R","B",null,"M","M","M","M","$","R","?","M","T","R","E","R","M","M","R","B",null,"R","$","E","B"],"character_chosen":"IRONCLAD","items_purchased":["Metallicize","Shrug It Off","Discovery","Toy Ornithopter","Metallicize","Pear","Block Potion","Regen Potion","Regen Potion","Metallicize","Explosive Potion","Swift Potion","Energy Potion","BloodPotion","DollysMirror"],"campfire_rested":3,"item_purchase_floors":[14,14,14,14,29,29,29,31,31,39,39,39,39,53,53],"current_hp_per_floor":[80,80,80,85,85,85,85,77,77,77,72,60,60,60,60,30,85,81,81,79,79,76,76,66,66,66,37,62,72,45,45,45,28,95,75,73,67,37,37,37,37,70,70,70,29,57,42,64,92,47,95,95,95,29,0],"gold":54,"neow_bonus":"THREE_ENEMY_KILL","is_prod":false,"is_daily":false,"chose_seed":false,"campfire_upgraded":8,"win_rate":0,"timestamp":1579019571,"path_taken":["M","?","?","?","?","E","?","E","T","R","M","E","R","$","R","BOSS","M","?","M","?","M","R","E","R","T","E","R","$","?","$","R","BOSS","M","?","M","M","$","R","?","M","T","R","E","R","M","M","R","BOSS","R","$","E","BOSS"],"build_version":"2019-07-17","purchased_purges":0,"victory":false,"max_hp_per_floor":[80,80,80,85,85,85,85,85,85,85,85,85,85,85,85,85,85,85,85,85,85,85,85,85,85,85,85,85,95,95,95,95,95,95,95,95,95,95,95,95,95,95,95,95,95,95,95,95,95,95,95,95,95,95,95],"card_choices":[{"not_picked":["Burning Pact","Hemokinesis","Rupture"],"picked":"SKIP","floor":1},{"not_picked":["Searing Blow","Sword Boomerang"],"picked":"Cleave","floor":2},{"not_picked":["Fire Breathing","Warcry"],"picked":"Whirlwind","floor":6},{"not_picked":["Second Wind","Whirlwind","Clothesline"],"picked":"SKIP","floor":7},{"not_picked":["Corruption","Havoc"],"picked":"Spot Weakness","floor":8},{"not_picked":["Warcry","Burning Pact"],"picked":"Infernal Blade","floor":11},{"not_picked":["Pommel Strike","Evolve"],"picked":"Rupture","floor":12},{"not_picked":["Offering","Reaper"],"picked":"Demon Form","floor":16},{"not_picked":["Bloodletting","Carnage"],"picked":"Heavy Blade","floor":17},{"not_picked":["Intimidate","Pommel Strike"],"picked":"Twin Strike","floor":17},{"not_picked":["Whirlwind","Entrench"],"picked":"Cleave","floor":17},{"not_picked":["Shockwave","Pommel Strike"],"picked":"Metallicize","floor":17},{"not_picked":["Wild Strike","Corruption"],"picked":"Exhume","floor":17},{"not_picked":["Shockwave","Armaments"],"picked":"Thunderclap+1","floor":18},{"not_picked":["Flame Barrier","Battle Trance+1"],"picked":"Spot Weakness+1","floor":20},{"not_picked":["Clothesline","Pommel Strike"],"picked":"Seeing Red","floor":22},{"not_picked":["Cleave","Disarm+1"],"picked":"Heavy Blade+1","floor":24},{"not_picked":["Warcry+1","Berserk"],"picked":"Brutality","floor":27},{"not_picked":["Feed","Berserk"],"picked":"Reaper","floor":33},{"not_picked":["Body Slam+1","Reckless Charge"],"picked":"Twin Strike+1","floor":35},{"not_picked":["Clothesline","Combust"],"picked":"Anger+1","floor":36},{"not_picked":["Sever Soul+1","Corruption"],"picked":"Twin Strike","floor":37},{"not_picked":["Disarm","Impervious"],"picked":"Iron Wave+1","floor":38},{"not_picked":["True Grit","Heavy Blade"],"picked":"Shrug It Off","floor":42},{"not_picked":["Seeing Red+1","Iron Wave"],"picked":"Flame Barrier+1","floor":45},{"not_picked":["Uppercut+1","Wild Strike+1"],"picked":"Armaments+1","floor":47},{"not_picked":["Wild Strike+1","Pommel Strike+1"],"picked":"Intimidate+1","floor":48},{"not_picked":["Warcry","Burning Pact"],"picked":"Cleave+1","floor":54}],"player_experience":273010,"relics_obtained":[{"floor":6,"key":"Paper Frog"},{"floor":8,"key":"Blue Candle"},{"floor":9,"key":"Matryoshka"},{"floor":12,"key":"Old Coin"},{"floor":24,"key":"Lantern"},{"floor":26,"key":"Omamori"},{"floor":27,"key":"Smiling Mask"},{"floor":43,"key":"Meat on the Bone"},{"floor":43,"key":"MawBank"},{"floor":45,"key":"Molten Egg 2"},{"floor":54,"key":"Unceasing Top"}],"event_choices":[{"damage_healed":0,"gold_gain":0,"cards_transformed":["Strike_R"],"player_choice":"Change","damage_taken":0,"max_hp_gain":0,"max_hp_loss":0,"event_name":"Living Wall","floor":3,"gold_loss":0,"cards_obtained":["Impervious"]},{"damage_healed":0,"gold_gain":0,"player_choice":"Donut","damage_taken":0,"max_hp_gain":5,"max_hp_loss":0,"event_name":"Big Fish","floor":4,"gold_loss":0},{"damage_healed":0,"gold_gain":0,"player_choice":"Upgraded","damage_taken":0,"max_hp_gain":0,"max_hp_loss":0,"event_name":"Upgrade Shrine","floor":5,"gold_loss":0,"cards_upgraded":["Cleave"]},{"damage_healed":0,"gold_gain":0,"player_choice":"Read","damage_taken":0,"max_hp_gain":0,"max_hp_loss":0,"event_name":"The Library","floor":19,"gold_loss":0,"cards_obtained":["Spot Weakness"]},{"damage_healed":0,"gold_gain":0,"player_choice":"Simplicity","damage_taken":0,"max_hp_gain":0,"max_hp_loss":0,"event_name":"Back to Basics","floor":21,"gold_loss":0,"cards_upgraded":["Strike_R","Strike_R","Strike_R","Strike_R","Defend_R","Defend_R","Defend_R","Defend_R"]},{"damage_healed":0,"gold_gain":180,"player_choice":"GOLD GOLD ","damage_taken":27,"max_hp_gain":0,"max_hp_loss":0,"event_name":"Knowing Skull","floor":30,"potions_obtained":[],"gold_loss":0,"cards_obtained":[]},{"damage_healed":0,"gold_gain":0,"player_choice":"Ignored","damage_taken":0,"max_hp_gain":0,"max_hp_loss":0,"event_name":"Purifier","floor":41,"gold_loss":0}],"is_beta":false,"boss_relics":[{"not_picked":["Empty Cage","Astrolabe"],"picked":"Orrery"},{"not_picked":["Eternal Feather","Runic Pyramid"],"picked":"Mark of Pain"}],"items_purged_floors":[],"is_endless":false,"potions_floor_spawned":[1,6,7,12,20,22,33,42,45,47,48,54],"killed_by":"The Heart","ascension_level":1}