{"gold_per_floor":[109,63,74,87,87,113,113,113,113,154,229,253,272,288,288,288],"floor_reached":16,"playtime":1218,"items_purged":[],"score":123,"play_id":"839d97cc-62c3-4a6c-9aff-fb91f59cc93b","local_time":"20200126181701","is_ascension_mode":true,"campfire_choices":[{"floor":8,"key":"REST"},{"data":"Metallicize","floor":15,"key":"SMITH"}],"neow_cost":"NONE","seed_source_timestamp":844761972954200,"circlet_count":0,"master_deck":["Strike_R","Strike_R","Strike_R","Strike_R","Strike_R","Defend_R","Defend_R","Defend_R","Defend_R+1","Bash","Iron Wave","Armaments","Iron Wave","Body Slam","Metallicize+1","Iron Wave"],"relics":["Burning Blood","Question Card","Golden Idol","Unceasing Top","Meat on the Bone"],"potions_floor_usage":[10,13,16,16,16],"damage_taken":[{"damage":0,"enemies":"Small Slimes","floor":1,"turns":3},{"damage":2,"enemies":"2 Louse","floor":3,"turns":4},{"damage":6,"enemies":"Cultist","floor":4,"turns":3},{"damage":32,"enemies":"Gremlin Nob","floor":6,"turns":6},{"damage":33,"enemies":"Lagavulin","floor":10,"turns":10},{"damage":6,"enemies":"Gremlin Gang","floor":12,"turns":8},{"damage":9,"enemies":"Large Slime","floor":13,"turns":10},{"damage":8,"enemies":"Looter","floor":14,"turns":3},{"damage":54,"enemies":"Slime Boss","floor":16,"turns":14}],"seed_played":"9106942194323131729","potions_obtained":[{"floor":1,"key":"EssenceOfSteel"},{"floor":4,"key":"Swift Potion"},{"floor":10,"key":"Weak Potion"},{"floor":12,"key":"DuplicationPotion"},{"floor":14,"key":"BlessingOfTheForge"}],"is_trial":false,"path_per_floor":["M","$","M","M","$","E","?","R","T","E","?","M","M","M","R","B"],"character_chosen":"IRONCLAD","items_purchased":["Armaments"],"campfire_rested":1,"item_purchase_floors":[2],"current_hp_per_floor":[80,80,80,80,80,54,34,58,58,31,23,35,44,54,54,0],"gold":288,"neow_bonus":"UPGRADE_CARD","is_prod":false,"is_daily":false,"chose_seed":false,"campfire_upgraded":1,"win_rate":0,"timestamp":1580041021,"path_taken":["M","$","M","M","$","E","?","R","T","E","?","M","M","?","R","BOSS"],"build_version":"2020-01-21","purchased_purges":0,"victory":false,"max_hp_per_floor":[80,80,80,80,80,80,80,80,80,80,80,80,80,80,80,80],"card_choices":[{"not_picked":["Uppercut","Warcry"],"picked":"Iron Wave","floor":1},{"not_picked":["Feel No Pain","Sever Soul","Headbutt"],"picked":"SKIP","floor":3},{"not_picked":["Anger","Clash","Pummel"],"picked":"SKIP","floor":4},{"not_picked":["Bloodletting","Hemokinesis","Rupture"],"picked":"SKIP","floor":6},{"not_picked":["Rage","Reckless Charge","Twin Strike"],"picked":"Iron Wave","floor":10},{"not_picked":["Heavy Blade","Warcry","Headbutt"],"picked":"Body Slam","floor":12},{"not_picked":["Twin Strike","Sword Boomerang","Feel No Pain"],"picked":"Metallicize","floor":13},{"not_picked":["Whirlwind","Dark Embrace","Flex"],"picked":"Iron Wave","floor":14}],"player_experience":310798,"relics_obtained":[{"floor":6,"key":"Question Card"},{"floor":9,"key":"Unceasing Top"},{"floor":10,"key":"Meat on the Bone"}],"event_choices":[{"damage_healed":0,"gold_gain":0,"player_choice":"Take Damage","damage_taken":20,"relics_obtained":["Golden Idol"],"max_hp_gain":0,"max_hp_loss":0,"event_name":"Golden Idol","floor":7,"gold_loss":0},{"damage_healed":0,"gold_gain":75,"player_choice":"Touch","damage_taken":8,"max_hp_gain":0,"max_hp_loss":0,"event_name":"FaceTrader","floor":11,"gold_loss":0}],"is_beta":false,"boss_relics":[],"items_purged_floors":[],"is_endless":false,"potions_floor_spawned":[1,4,10,12,14],"killed_by":"Slime Boss","ascension_level":2}