{"gold_per_floor":[111,111,111,37,37,37,64,64,64,77,94,106,52,72,72,167,167,185,200,173,173,26,60,78,78,78,89,119,218,218,113,113,212,212,224,224,155,115,134,134,134],"floor_reached":41,"playtime":3087,"items_purged":["Shame"],"score":470,"play_id":"0a4f4253-0618-452e-9558-81360bf99f41","local_time":"20200126190842","is_ascension_mode":true,"campfire_choices":[{"data":"Clothesline","floor":6,"key":"SMITH"},{"floor":8,"key":"REST"},{"data":"Rage","floor":15,"key":"SMITH"},{"floor":25,"key":"REST"},{"floor":32,"key":"REST"},{"data":"Metallicize","floor":40,"key":"SMITH"}],"neow_cost":"NONE","seed_source_timestamp":845992994139500,"circlet_count":0,"master_deck":["Bash+1","Panacea+1","Clothesline+1","Inflame+1","Flame Barrier","Flex","Armaments","Shrug It Off","Rage+1","Reaper","Seeing Red","Perfected Strike","Pommel Strike","Perfected Strike","Barricade+1","Blood for Blood","Rampage","Second Wind","Pommel Strike","Entrench","Flex","Shrug It Off","Body Slam","Sword Boomerang+1","Iron Wave","Thunderclap","Headbutt","Metallicize+1","Rage","Exhume","Flex+1","Inflame","Inflame+1"],"relics":["Burning Blood","FossilizedHelix","InkBottle","Pandora\u0027s Box","Shuriken","Anchor","Happy Flower","Bag of Marbles","SacredBark"],"potions_floor_usage":[23,24,33],"damage_taken":[{"damage":3,"enemies":"2 Louse","floor":1,"turns":3},{"damage":40,"enemies":"3 Sentries","floor":7,"turns":7},{"damage":0,"enemies":"Jaw Worm","floor":10,"turns":4},{"damage":0,"enemies":"Small Slimes","floor":11,"turns":3},{"damage":4,"enemies":"Blue Slaver","floor":12,"turns":4},{"damage":7,"enemies":"3 Louse","floor":14,"turns":4},{"damage":23,"enemies":"Slime Boss","floor":16,"turns":13},{"damage":10,"enemies":"Chosen","floor":18,"turns":5},{"damage":21,"enemies":"Shell Parasite","floor":19,"turns":7},{"damage":46,"enemies":"Gremlin Leader","floor":23,"turns":9},{"damage":34,"enemies":"Centurion and Healer","floor":24,"turns":6},{"damage":9,"enemies":"Cultist and Chosen","floor":27,"turns":6},{"damage":38,"enemies":"Book of Stabbing","floor":28,"turns":6},{"damage":24,"enemies":"Champ","floor":33,"turns":12},{"damage":57,"enemies":"3 Darklings","floor":35,"turns":8},{"damage":35,"enemies":"3 Shapes","floor":39,"turns":4},{"damage":64,"enemies":"Giant Head","floor":41,"turns":7}],"seed_played":"-5855083769403393038","potions_obtained":[{"floor":7,"key":"Regen Potion"},{"floor":10,"key":"ElixirPotion"},{"floor":11,"key":"Ancient Potion"},{"floor":12,"key":"BlessingOfTheForge"},{"floor":18,"key":"SpeedPotion"},{"floor":24,"key":"DuplicationPotion"},{"floor":33,"key":"Energy Potion"}],"is_trial":false,"path_per_floor":["M","?","?","$","?","R","E","R","T","M","M","M","$","M","R","B",null,"M","M","$","?","$","E","M","R","T","M","E","?","?","$","R","B",null,"M","?","$","?","M","R","E"],"character_chosen":"IRONCLAD","items_purchased":["Inflame","Shrug It Off","Flex","Shrug It Off","Body Slam","Metallicize","Rage","Inflame"],"campfire_rested":3,"item_purchase_floors":[4,13,20,22,22,31,31,37],"current_hp_per_floor":[80,80,80,80,64,64,30,54,54,60,66,68,68,67,67,50,80,76,61,61,61,61,53,39,63,63,74,42,42,42,42,66,54,80,29,70,70,70,51,51,0],"gold":134,"neow_bonus":"RANDOM_COLORLESS","is_prod":false,"is_daily":false,"chose_seed":false,"campfire_upgraded":3,"win_rate":0,"timestamp":1580044122,"path_taken":["M","?","?","$","?","R","E","R","T","M","M","M","$","M","R","BOSS","M","M","$","?","$","E","M","R","T","M","E","?","?","?","R","BOSS","M","?","$","?","?","R","E"],"build_version":"2020-01-21","purchased_purges":1,"victory":false,"max_hp_per_floor":[80,80,80,80,80,80,80,80,80,80,80,80,80,80,80,80,80,80,80,80,80,80,80,80,80,80,80,80,80,80,80,80,80,80,80,70,70,70,70,70,70],"card_choices":[{"not_picked":["Jack Of All Trades","Purity"],"picked":"Panacea","floor":0},{"not_picked":["Clash","Anger","Reckless Charge"],"picked":"SKIP","floor":1},{"not_picked":["Anger","Pommel Strike"],"picked":"Flame Barrier","floor":7},{"not_picked":["Body Slam","Second Wind"],"picked":"Flex","floor":10},{"not_picked":["Dropkick","Searing Blow","True Grit"],"picked":"SKIP","floor":11},{"not_picked":["Berserk","Clothesline"],"picked":"Armaments","floor":12},{"not_picked":["True Grit","Havoc"],"picked":"Rage","floor":14},{"not_picked":["Berserk","Double Tap"],"picked":"Reaper","floor":16},{"not_picked":["Sword Boomerang","Clash+1"],"picked":"Pommel Strike","floor":18},{"not_picked":["Perfected Strike+1","Clothesline"],"picked":"Entrench","floor":19},{"not_picked":["Armaments","Rage"],"picked":"Sword Boomerang+1","floor":23},{"not_picked":["Body Slam","Warcry"],"picked":"Iron Wave","floor":24},{"not_picked":["Clothesline+1","Body Slam"],"picked":"Thunderclap","floor":27},{"not_picked":["True Grit","Anger"],"picked":"Headbutt","floor":28},{"not_picked":["Juggernaut","Reaper"],"picked":"Exhume","floor":33},{"not_picked":["Thunderclap","Rage+1"],"picked":"Flex+1","floor":35},{"not_picked":["Armaments","Wild Strike"],"picked":"Inflame+1","floor":39}],"player_experience":312016,"relics_obtained":[{"floor":7,"key":"FossilizedHelix"},{"floor":9,"key":"InkBottle"},{"floor":23,"key":"Anchor"},{"floor":26,"key":"Happy Flower"},{"floor":28,"key":"Bag of Marbles"}],"event_choices":[{"damage_healed":0,"gold_gain":0,"player_choice":"Leave","damage_taken":0,"max_hp_gain":0,"max_hp_loss":0,"event_name":"The Cleric","floor":2,"gold_loss":0},{"damage_healed":0,"gold_gain":0,"cards_transformed":["Strike_R"],"player_choice":"Change","damage_taken":0,"max_hp_gain":0,"max_hp_loss":0,"event_name":"Living Wall","floor":3,"gold_loss":0,"cards_obtained":["Clothesline"]},{"damage_healed":0,"gold_gain":0,"player_choice":"Entered Light","damage_taken":16,"max_hp_gain":0,"max_hp_loss":0,"event_name":"Shining Light","floor":5,"gold_loss":0,"cards_upgraded":["Bash","Inflame"]},{"damage_healed":0,"gold_gain":0,"player_choice":"Stole Relic","damage_taken":0,"relics_obtained":["Shuriken"],"max_hp_gain":0,"max_hp_loss":0,"event_name":"Addict","floor":21,"gold_loss":0,"cards_obtained":["Shame"]},{"damage_healed":0,"gold_gain":99,"player_choice":"Stole From Cult","damage_taken":0,"max_hp_gain":0,"max_hp_loss":0,"event_name":"Nest","floor":29,"gold_loss":0},{"damage_healed":0,"gold_gain":0,"player_choice":"Ignored","damage_taken":0,"max_hp_gain":0,"max_hp_loss":0,"event_name":"Vampires","floor":30,"gold_loss":0},{"damage_healed":70,"gold_gain":0,"player_choice":"Heal","damage_taken":0,"max_hp_gain":0,"max_hp_loss":10,"event_name":"The Moai Head","floor":36,"gold_loss":0},{"damage_healed":0,"gold_gain":0,"player_choice":"Upgraded Two","damage_taken":0,"max_hp_gain":0,"max_hp_loss":0,"event_name":"Designer","floor":38,"gold_loss":40,"cards_upgraded":["Panacea","Barricade"]}],"is_beta":false,"boss_relics":[{"not_picked":["Fusion Hammer","Busted Crown"],"picked":"Pandora\u0027s Box"},{"not_picked":["Coffee Dripper","Velvet Choker"],"picked":"SacredBark"}],"items_purged_floors":[22],"is_endless":false,"potions_floor_spawned":[7,10,11,12,18,24,33],"killed_by":"Giant Head","ascension_level":2}