{"gold_per_floor":[118,38,38,38,57,88,88,102,102,119,148,161,136,154,154,256,256,266,91,91,103,202,231,156,167,167,167],"floor_reached":27,"playtime":2013,"items_purged":["Strike_R"],"score":267,"play_id":"a3474846-5a82-457d-8943-6308cc767b74","local_time":"20200204000246","is_ascension_mode":true,"campfire_choices":[{"floor":15,"key":"REST"}],"neow_cost":"NONE","seed_source_timestamp":13572646892800,"circlet_count":0,"master_deck":["Strike_R+1","Strike_R","Strike_R","Strike_R","Defend_R","Defend_R","Defend_R","Defend_R","Bash","Metallicize+1","Metallicize+1","Rampage","Demon Form","Infernal Blade","Armaments","Iron Wave","Rampage","Heavy Blade","Pummel","Flex","Pummel","Iron Wave"],"relics":["Burning Blood","Pantograph","InkBottle","Meat on the Bone","Sozu","Happy Flower","Sundial","Eternal Feather"],"potions_floor_usage":[],"damage_taken":[{"damage":8,"enemies":"2 Louse","floor":1,"turns":4},{"damage":0,"enemies":"Cultist","floor":5,"turns":4},{"damage":31,"enemies":"Lagavulin","floor":6,"turns":9},{"damage":10,"enemies":"Jaw Worm","floor":8,"turns":4},{"damage":4,"enemies":"3 Louse","floor":10,"turns":5},{"damage":16,"enemies":"3 Sentries","floor":11,"turns":9},{"damage":10,"enemies":"Large Slime","floor":12,"turns":9},{"damage":28,"enemies":"Gremlin Gang","floor":14,"turns":7},{"damage":15,"enemies":"Slime Boss","floor":16,"turns":9},{"damage":22,"enemies":"3 Byrds","floor":18,"turns":6},{"damage":26,"enemies":"Shell Parasite","floor":21,"turns":4},{"damage":41,"enemies":"Gremlin Leader","floor":23,"turns":6},{"damage":17,"enemies":"Centurion and Healer","floor":25,"turns":5},{"damage":35,"enemies":"Book of Stabbing","floor":27,"turns":5}],"seed_played":"6564336389792321302","potions_obtained":[{"floor":1,"key":"SpeedPotion"},{"floor":8,"key":"DuplicationPotion"},{"floor":11,"key":"GamblersBrew"}],"is_trial":false,"path_per_floor":["M","$","?","?","M","E","$","M","T","M","E","M","$","M","R","B",null,"M","$","?","M","?","E","$","M","T","E"],"character_chosen":"IRONCLAD","items_purchased":["Metallicize","Armaments","Heavy Blade","Pummel","Flex"],"campfire_rested":1,"item_purchase_floors":[2,13,19,19,19],"current_hp_per_floor":[86,86,68,68,74,49,49,45,45,47,37,45,45,35,61,77,88,72,72,72,52,52,29,29,30,30,0],"gold":167,"neow_bonus":"TEN_PERCENT_HP_BONUS","is_prod":false,"is_daily":false,"chose_seed":false,"campfire_upgraded":0,"win_rate":0,"timestamp":1580752966,"path_taken":["M","$","?","?","M","E","$","M","T","M","E","M","$","M","R","BOSS","M","$","?","M","?","E","$","M","T","E"],"build_version":"2020-01-27","purchased_purges":1,"victory":false,"max_hp_per_floor":[88,88,88,88,88,88,88,88,88,88,88,88,88,88,88,88,88,88,88,88,88,88,88,88,88,88,88],"card_choices":[{"not_picked":["Pommel Strike","Headbutt"],"picked":"Metallicize","floor":1},{"not_picked":["Sword Boomerang","Clash","Thunderclap"],"picked":"SKIP","floor":5},{"not_picked":["Warcry","Pummel","Searing Blow"],"picked":"SKIP","floor":6},{"not_picked":["Warcry","Wild Strike","Uppercut"],"picked":"SKIP","floor":8},{"not_picked":["Feel No Pain","Pummel"],"picked":"Rampage","floor":10},{"not_picked":["True Grit","Intimidate"],"picked":"Demon Form","floor":11},{"not_picked":["Bloodletting","Warcry"],"picked":"Infernal Blade","floor":12},{"not_picked":["Flex","Cleave"],"picked":"Iron Wave","floor":14},{"not_picked":["True Grit+1","Dropkick"],"picked":"Rampage","floor":18},{"not_picked":["Combust+1","Wild Strike","Anger"],"picked":"SKIP","floor":21},{"not_picked":["True Grit+1","Wild Strike"],"picked":"Pummel","floor":23},{"not_picked":["Havoc","Second Wind"],"picked":"Iron Wave","floor":25}],"player_experience":325853,"relics_obtained":[{"floor":6,"key":"Pantograph"},{"floor":9,"key":"InkBottle"},{"floor":11,"key":"Meat on the Bone"},{"floor":23,"key":"Sundial"},{"floor":26,"key":"Eternal Feather"}],"event_choices":[{"damage_healed":0,"gold_gain":0,"player_choice":"Entered Light","damage_taken":18,"max_hp_gain":0,"max_hp_loss":0,"event_name":"Shining Light","floor":3,"gold_loss":0,"cards_upgraded":["Strike_R","Metallicize"]},{"damage_healed":0,"gold_gain":0,"player_choice":"Upgraded","damage_taken":0,"max_hp_gain":0,"max_hp_loss":0,"event_name":"Upgrade Shrine","floor":4,"gold_loss":0,"cards_upgraded":["Metallicize"]},{"damage_healed":0,"gold_gain":0,"player_choice":"Opened","damage_taken":0,"relics_obtained":["Happy Flower"],"max_hp_gain":0,"max_hp_loss":0,"event_name":"The Mausoleum","floor":20,"gold_loss":0},{"damage_healed":0,"gold_gain":99,"player_choice":"Stole From Cult","damage_taken":0,"max_hp_gain":0,"max_hp_loss":0,"event_name":"Nest","floor":22,"gold_loss":0}],"is_beta":false,"boss_relics":[{"not_picked":["Astrolabe","Tiny House"],"picked":"Sozu"}],"items_purged_floors":[24],"is_endless":false,"potions_floor_spawned":[1,8,11,14,21,25],"killed_by":"Book of Stabbing","ascension_level":2}