{"gold_per_floor":[114,114,39,56,66,94,94,125,151,176,190,365,365,365,365,465,465,481,396,46,61,74,74,87,87,87,87,18,118,138,157,157,256,256,270,320,339,339,358,384,121,121,121,154,154,154,164,183,183,183],"floor_reached":51,"playtime":3843,"items_purged":["Strike_R","True Grit+1"],"score":834,"play_id":"bdb86176-1d17-4edd-9b6e-6c0714aaec84","local_time":"20200209033425","is_ascension_mode":true,"campfire_choices":[{"floor":7,"key":"REST"},{"floor":13,"key":"REST"},{"data":"Body Slam","floor":15,"key":"SMITH"},{"floor":23,"key":"REST"},{"floor":27,"key":"REST"},{"floor":32,"key":"REST"},{"data":"Body Slam","floor":42,"key":"SMITH"},{"data":"Impervious","floor":45,"key":"SMITH"},{"floor":49,"key":"REST"}],"neow_cost":"NONE","seed_source_timestamp":456427306270700,"circlet_count":0,"master_deck":["Strike_R","Defend_R","Defend_R","Defend_R","Defend_R","Bash","Whirlwind+1","Body Slam+1","Ghostly Armor","Ghostly Armor","Inflame","Juggernaut","Seeing Red+1","Dual Wield+1","Pommel Strike","Shrug It Off+1","Metallicize","Metallicize+1","Body Slam+1","Exhume","Feed","Body Slam+1","Impervious+1","Iron Wave"],"relics":["Burning Blood","Juzu Bracelet","Omamori","Oddly Smooth Stone","Ancient Tea Set","Astrolabe","Ornamental Fan","Matryoshka","Centennial Puzzle","Darkstone Periapt","Lizard Tail","Mercury Hourglass","SlaversCollar","Charon\u0027s Ashes","Kunai","Orrery","Nunchaku","Regal Pillow"],"potions_floor_usage":[10,18,24,25,29,29,33,33,35,37,39,40,40,40,47],"damage_taken":[{"damage":12,"enemies":"Small Slimes","floor":1,"turns":3},{"damage":6,"enemies":"Cultist","floor":4,"turns":3},{"damage":0,"enemies":"2 Louse","floor":5,"turns":1},{"damage":67,"enemies":"Lagavulin","floor":6,"turns":7},{"damage":25,"enemies":"3 Sentries","floor":8,"turns":4},{"damage":5,"enemies":"Lagavulin","floor":10,"turns":9},{"damage":6,"enemies":"2 Fungi Beasts","floor":11,"turns":4},{"damage":37,"enemies":"Slime Boss","floor":16,"turns":12},{"damage":24,"enemies":"Spheric Guardian","floor":18,"turns":6},{"damage":8,"enemies":"Shell Parasite","floor":21,"turns":7},{"damage":37,"enemies":"Cultist and Chosen","floor":22,"turns":8},{"damage":40,"enemies":"Shelled Parasite and Fungi","floor":24,"turns":4},{"damage":0,"enemies":"Book of Stabbing","floor":25,"turns":2},{"damage":6,"enemies":"Colosseum Slavers","floor":29,"turns":5},{"damage":20,"enemies":"Colosseum Nobs","floor":29,"turns":3},{"damage":20,"enemies":"Sentry and Sphere","floor":30,"turns":6},{"damage":8,"enemies":"Cultist and Chosen","floor":31,"turns":6},{"damage":32,"enemies":"Collector","floor":33,"turns":8},{"damage":3,"enemies":"Orb Walker","floor":35,"turns":4},{"damage":0,"enemies":"Mind Bloom Boss Battle","floor":36,"turns":6},{"damage":15,"enemies":"3 Darklings","floor":37,"turns":3},{"damage":20,"enemies":"Spire Growth","floor":39,"turns":5},{"damage":14,"enemies":"Giant Head","floor":40,"turns":8},{"damage":13,"enemies":"Reptomancer","floor":44,"turns":5},{"damage":21,"enemies":"Jaw Worm Horde","floor":47,"turns":7},{"damage":7,"enemies":"Sphere and 2 Shapes","floor":48,"turns":4},{"damage":80,"enemies":"Time Eater","floor":50,"turns":14}],"seed_played":"-2001912608716391920","potions_obtained":[{"floor":6,"key":"Dexterity Potion"},{"floor":8,"key":"LiquidBronze"},{"floor":10,"key":"SmokeBomb"},{"floor":11,"key":"SpeedPotion"},{"floor":22,"key":"ColorlessPotion"},{"floor":24,"key":"DuplicationPotion"},{"floor":29,"key":"EssenceOfSteel"},{"floor":30,"key":"EntropicBrew"},{"floor":33,"key":"EntropicBrew"},{"floor":35,"key":"Swift Potion"},{"floor":39,"key":"ColorlessPotion"},{"floor":48,"key":"SneckoOil"}],"is_trial":false,"path_per_floor":["M","?","$","M","M","E","R","E","T","E","M","?","R","?","R","B",null,"M","?","$","M","M","R","M","E","T","R","$","?","M","M","R","B",null,"M","?","M","?","M","E","$","R","T","E","R","?","M","M","R","B",null],"character_chosen":"IRONCLAD","items_purchased":["Matryoshka","Metallicize","Body Slam","Orrery","HeartOfIron"],"campfire_rested":6,"item_purchase_floors":[20,28,41,41,41],"current_hp_per_floor":[82,82,82,82,88,27,53,34,34,35,35,35,61,66,66,35,93,75,75,75,73,42,69,35,41,41,68,68,54,40,38,65,39,93,93,93,84,84,70,62,62,62,62,55,55,55,60,62,94,20],"gold":183,"neow_bonus":"TEN_PERCENT_HP_BONUS","is_prod":false,"is_daily":false,"chose_seed":false,"campfire_upgraded":3,"win_rate":0,"timestamp":1581197665,"path_taken":["M","?","?","M","M","E","R","E","T","E","M","?","R","?","R","BOSS","M","?","$","M","M","R","M","E","T","R","$","?","M","M","R","BOSS","M","?","M","?","M","E","$","R","T","E","R","?","M","M","R","BOSS"],"build_version":"2020-01-27","purchased_purges":2,"victory":true,"max_hp_per_floor":[88,88,88,88,88,88,88,88,88,88,88,88,88,93,93,93,93,93,93,93,93,93,93,93,93,93,93,93,93,93,93,93,93,93,93,93,93,93,93,93,93,93,93,93,93,88,91,94,94,94],"card_choices":[{"not_picked":["Heavy Blade","Carnage"],"picked":"Whirlwind","floor":1},{"not_picked":["True Grit","Pummel","Havoc"],"picked":"SKIP","floor":4},{"not_picked":["Iron Wave","Wild Strike"],"picked":"Body Slam","floor":5},{"not_picked":["Clothesline","Headbutt"],"picked":"Ghostly Armor","floor":6},{"not_picked":["Anger","Pommel Strike"],"picked":"Ghostly Armor","floor":8},{"not_picked":["Fiend Fire","True Grit","Burning Pact"],"picked":"SKIP","floor":10},{"not_picked":["Headbutt","Searing Blow"],"picked":"Inflame","floor":11},{"not_picked":["Brutality","Offering"],"picked":"Juggernaut","floor":16},{"not_picked":["Cleave","Rampage","Anger+1"],"picked":"SKIP","floor":18},{"not_picked":["Warcry","Cleave"],"picked":"Pommel Strike","floor":21},{"not_picked":["Rupture+1","Immolate"],"picked":"Shrug It Off+1","floor":22},{"not_picked":["Warcry","Armaments","Clash"],"picked":"SKIP","floor":24},{"not_picked":["Headbutt","Pummel"],"picked":"Metallicize+1","floor":29},{"not_picked":["Heavy Blade","Flex","Clash"],"picked":"SKIP","floor":30},{"not_picked":["Heavy Blade","Second Wind"],"picked":"Body Slam+1","floor":31},{"not_picked":["Double Tap","Demon Form"],"picked":"Exhume","floor":33},{"not_picked":["Combust","Second Wind+1","Clash"],"picked":"SKIP","floor":35},{"not_picked":["Anger","Dual Wield","Twin Strike+1"],"picked":"SKIP","floor":37},{"not_picked":["Reckless Charge","Rupture","Bloodletting+1"],"picked":"SKIP","floor":39},{"not_picked":["Heavy Blade+1","Thunderclap+1"],"picked":"Feed","floor":40},{"not_picked":["Shrug It Off","Clothesline"],"picked":"Impervious","floor":41},{"not_picked":["Havoc","Cleave+1"],"picked":"Iron Wave","floor":41},{"not_picked":["Reckless Charge+1","Pommel Strike+1","Whirlwind"],"picked":"SKIP","floor":44},{"not_picked":["Reckless Charge","Heavy Blade","Infernal Blade+1"],"picked":"SKIP","floor":47},{"not_picked":["Anger","Havoc+1","Pommel Strike"],"picked":"SKIP","floor":48}],"player_experience":336443,"relics_obtained":[{"floor":6,"key":"Juzu Bracelet"},{"floor":8,"key":"Omamori"},{"floor":9,"key":"Oddly Smooth Stone"},{"floor":10,"key":"Ancient Tea Set"},{"floor":26,"key":"Centennial Puzzle"},{"floor":26,"key":"Darkstone Periapt"},{"floor":29,"key":"Lizard Tail"},{"floor":29,"key":"Mercury Hourglass"},{"floor":36,"key":"Charon\u0027s Ashes"},{"floor":40,"key":"Kunai"},{"floor":43,"key":"Nunchaku"},{"floor":44,"key":"Regal Pillow"}],"event_choices":[{"damage_healed":0,"gold_gain":0,"player_choice":"Forge","damage_taken":0,"max_hp_gain":0,"max_hp_loss":0,"event_name":"Accursed Blacksmith","floor":2,"gold_loss":0,"cards_upgraded":["Whirlwind"]},{"damage_healed":0,"gold_gain":175,"player_choice":"AGREE","damage_taken":0,"max_hp_gain":0,"max_hp_loss":0,"event_name":"Liars Game","floor":12,"gold_loss":0,"cards_obtained":["Doubt"]},{"damage_healed":0,"gold_gain":0,"player_choice":"Donut","damage_taken":0,"max_hp_gain":5,"max_hp_loss":0,"event_name":"Big Fish","floor":14,"gold_loss":0},{"damage_healed":0,"gold_gain":0,"player_choice":"Obtained Relic","damage_taken":0,"relics_obtained":["Ornamental Fan"],"max_hp_gain":0,"max_hp_loss":0,"event_name":"Addict","floor":19,"gold_loss":85},{"damage_healed":0,"gold_gain":0,"player_choice":"Fight","damage_taken":0,"max_hp_gain":0,"max_hp_loss":0,"event_name":"Colosseum","floor":29,"gold_loss":0},{"damage_healed":0,"gold_gain":0,"player_choice":"Fought Nobs","damage_taken":0,"max_hp_gain":0,"max_hp_loss":0,"event_name":"Colosseum","floor":29,"gold_loss":0},{"damage_healed":0,"gold_gain":0,"player_choice":"Fight","damage_taken":0,"max_hp_gain":0,"max_hp_loss":0,"event_name":"MindBloom","floor":36,"gold_loss":0},{"damage_healed":0,"gold_gain":0,"player_choice":"Ignored","damage_taken":0,"max_hp_gain":0,"max_hp_loss":0,"event_name":"Tomb of Lord Red Mask","floor":38,"gold_loss":0},{"damage_healed":0,"gold_gain":0,"player_choice":"Max HP","damage_taken":0,"max_hp_gain":0,"max_hp_loss":5,"event_name":"Winding Halls","floor":46,"gold_loss":0}],"is_beta":false,"boss_relics":[{"not_picked":["Busted Crown","Coffee Dripper"],"picked":"Astrolabe"},{"not_picked":["Fusion Hammer","SacredBark"],"picked":"SlaversCollar"}],"items_purged_floors":[3,20],"is_endless":false,"potions_floor_spawned":[6,8,10,11,22,24,29,30,33,35,39,48],"ascension_level":4}