{"gold_per_floor":[113,113,34,55,55,91,91,115,115,154,154,154,179,200,200,326,326,349,390,408,428,56,95,95,45,70,88,111,111,132,155,155,280,280,296,206,225,238,238,272,15,49,49,49,80,6,6,27,27,27],"floor_reached":51,"playtime":3368,"items_purged":["Defend_R","Strike_R","Writhe"],"score":878,"play_id":"4ef92da6-8ab2-4a30-8ce6-a811448e48fc","local_time":"20200208193553","is_ascension_mode":true,"campfire_choices":[{"floor":7,"key":"REST"},{"data":"Rage","floor":11,"key":"SMITH"},{"data":"Inflame","floor":15,"key":"SMITH"},{"data":"Shockwave","floor":24,"key":"SMITH"},{"floor":29,"key":"REST"},{"data":"Inflame","floor":32,"key":"SMITH"},{"floor":44,"key":"REST"},{"floor":47,"key":"REST"},{"floor":49,"key":"REST"}],"neow_cost":"NONE","seed_source_timestamp":428188878015200,"circlet_count":0,"master_deck":["Strike_R","Strike_R","Strike_R","Strike_R","Defend_R+1","Defend_R","Bash","Inflame+1","Rage+1","Sword Boomerang","Disarm","Heavy Blade+1","Twin Strike+1","Perfected Strike+1","Double Tap","Heavy Blade+1","Fire Breathing","Inflame+1","Shrug It Off+1","Fire Breathing","Shockwave+1","Rage+1","Battle Trance","Uppercut+1","Inflame","Fiend Fire+1","Evolve","Shrug It Off+1","Limit Break","Flame Barrier+1","Flame Barrier+1"],"relics":["Mark of Pain","Golden Idol","Mercury Hourglass","Pocketwatch","Question Card","Molten Egg 2","NlothsMask","Sozu","Red Mask","Membership Card","Paper Frog","Red Skull","SlaversCollar","Lantern","Pantograph","Blood Vial","Pen Nib","Ancient Tea Set","Potion Belt","Bag of Marbles"],"potions_floor_usage":[13,40,50,50],"damage_taken":[{"damage":3,"enemies":"Small Slimes","floor":1,"turns":4},{"damage":2,"enemies":"Jaw Worm","floor":4,"turns":3},{"damage":31,"enemies":"3 Sentries","floor":6,"turns":7},{"damage":1,"enemies":"Cultist","floor":8,"turns":3},{"damage":19,"enemies":"Lagavulin","floor":10,"turns":4},{"damage":0,"enemies":"3 Louse","floor":13,"turns":2},{"damage":0,"enemies":"Red Slaver","floor":14,"turns":3},{"damage":7,"enemies":"Hexaghost","floor":16,"turns":6},{"damage":12,"enemies":"Shell Parasite","floor":18,"turns":3},{"damage":0,"enemies":"Masked Bandits","floor":19,"turns":2},{"damage":0,"enemies":"Chosen","floor":20,"turns":3},{"damage":16,"enemies":"Shelled Parasite and Fungi","floor":21,"turns":4},{"damage":10,"enemies":"Gremlin Leader","floor":23,"turns":5},{"damage":12,"enemies":"Snecko","floor":27,"turns":3},{"damage":0,"enemies":"Cultist and Chosen","floor":28,"turns":3},{"damage":6,"enemies":"Sentry and Sphere","floor":30,"turns":3},{"damage":0,"enemies":"Shelled Parasite and Fungi","floor":31,"turns":3},{"damage":7,"enemies":"Champ","floor":33,"turns":5},{"damage":25,"enemies":"3 Darklings","floor":35,"turns":4},{"damage":6,"enemies":"3 Shapes","floor":37,"turns":3},{"damage":16,"enemies":"Writhing Mass","floor":38,"turns":4},{"damage":20,"enemies":"Nemesis","floor":40,"turns":5},{"damage":17,"enemies":"Giant Head","floor":42,"turns":5},{"damage":32,"enemies":"Nemesis","floor":45,"turns":5},{"damage":6,"enemies":"3 Darklings","floor":48,"turns":2},{"damage":76,"enemies":"Awakened One","floor":50,"turns":8}],"seed_played":"-341662659948878103","potions_obtained":[{"floor":4,"key":"BloodPotion"},{"floor":6,"key":"DuplicationPotion"},{"floor":8,"key":"Block Potion"},{"floor":14,"key":"LiquidMemories"}],"is_trial":false,"path_per_floor":["M","?","$","M","?","E","R","M","T","E","R","?","M","M","R","B",null,"M","?","M","M","$","E","R","$","T","M","M","R","M","M","R","B",null,"M","?","M","M","?","E","$","E","T","R","E","$","R","M","R","B",null],"character_chosen":"IRONCLAD","items_purchased":["Inflame","Membership Card","Fire Breathing","Paper Frog","Shockwave","Pantograph","Blood Vial","Bag of Marbles"],"campfire_rested":5,"item_purchase_floors":[3,22,22,22,22,41,41,46],"current_hp_per_floor":[77,57,57,55,52,21,45,44,44,25,25,25,41,41,41,34,80,68,68,68,52,52,42,42,42,42,30,30,54,48,48,48,41,80,55,55,49,33,53,33,33,18,18,42,12,12,36,32,56,4],"gold":27,"neow_bonus":"BOSS_RELIC","is_prod":false,"is_daily":false,"chose_seed":false,"campfire_upgraded":4,"win_rate":0,"timestamp":1581168953,"path_taken":["M","?","$","M","?","E","R","M","T","E","R","?","?","M","R","BOSS","M","?","M","M","$","E","R","$","T","M","M","R","M","M","R","BOSS","M","?","M","?","?","E","$","E","T","R","E","$","R","M","R","BOSS"],"build_version":"2020-01-27","purchased_purges":3,"victory":true,"max_hp_per_floor":[80,80,80,80,80,80,80,80,80,80,80,80,80,80,80,80,80,80,80,80,80,80,80,80,80,80,80,80,80,80,80,80,80,80,80,80,80,80,80,80,80,80,80,80,80,80,80,80,80,80],"card_choices":[{"not_picked":["Clash","True Grit","Anger"],"picked":"SKIP","floor":1},{"not_picked":["Havoc","Combust"],"picked":"Rage","floor":4},{"not_picked":["Pommel Strike","Sever Soul"],"picked":"Sword Boomerang","floor":6},{"not_picked":["Combust","Burning Pact"],"picked":"Disarm","floor":8},{"not_picked":["Iron Wave+1","Flame Barrier","Clothesline+1"],"picked":"Heavy Blade+1","floor":10},{"not_picked":["Clothesline+1","Sentinel","Sever Soul+1"],"picked":"Twin Strike+1","floor":13},{"not_picked":["Flame Barrier","Metallicize","Twin Strike+1"],"picked":"Perfected Strike+1","floor":14},{"not_picked":["Brutality","Bludgeon+1","Juggernaut"],"picked":"Double Tap","floor":16},{"not_picked":["Wild Strike+1","Flex","Seeing Red"],"picked":"Heavy Blade+1","floor":18},{"not_picked":["Twin Strike+1","Havoc","True Grit"],"picked":"Fire Breathing","floor":19},{"not_picked":["Blood for Blood+1","Cleave+1","Pommel Strike+1"],"picked":"Inflame","floor":20},{"not_picked":["Wild Strike+1","Armaments+1","Flex"],"picked":"Shrug It Off+1","floor":21},{"not_picked":["Blood for Blood+1","Immolate+1","Shrug It Off"],"picked":"Rage+1","floor":23},{"not_picked":["Perfected Strike+1","Cleave+1","Warcry+1"],"picked":"Battle Trance","floor":27},{"not_picked":["Clash+1","Cleave+1","Warcry"],"picked":"Uppercut+1","floor":28},{"not_picked":["Fire Breathing","Perfected Strike+1","Anger+1"],"picked":"Inflame","floor":30},{"not_picked":["Perfected Strike+1","Headbutt+1","Sentinel","Carnage+1"],"picked":"SKIP","floor":31},{"not_picked":["Juggernaut","Offering","Brutality"],"picked":"Fiend Fire+1","floor":33},{"not_picked":["Pommel Strike+1","Perfected Strike+1","Clash+1"],"picked":"Evolve","floor":35},{"not_picked":["Reckless Charge+1","Wild Strike+1","Perfected Strike+1"],"picked":"Shrug It Off+1","floor":37},{"not_picked":["Twin Strike+1","Hemokinesis+1","Dark Embrace","Combust+1"],"picked":"SKIP","floor":38},{"not_picked":["Thunderclap+1","Dropkick+1","True Grit"],"picked":"Limit Break","floor":40},{"not_picked":["Armaments","Rupture+1","Havoc+1"],"picked":"Flame Barrier+1","floor":42},{"not_picked":["Warcry","True Grit+1","Shrug It Off"],"picked":"Flame Barrier+1","floor":45},{"not_picked":["Wild Strike+1","Uppercut+1","Anger+1","Intimidate"],"picked":"SKIP","floor":48}],"player_experience":333075,"relics_obtained":[{"floor":6,"key":"Pocketwatch"},{"floor":9,"key":"Question Card"},{"floor":10,"key":"Molten Egg 2"},{"floor":19,"key":"Red Mask"},{"floor":23,"key":"Red Skull"},{"floor":40,"key":"Lantern"},{"floor":42,"key":"Pen Nib"},{"floor":43,"key":"Ancient Tea Set"},{"floor":45,"key":"Potion Belt"}],"event_choices":[{"damage_healed":0,"gold_gain":0,"player_choice":"Take Damage","damage_taken":20,"relics_obtained":["Golden Idol"],"max_hp_gain":0,"max_hp_loss":0,"event_name":"Golden Idol","floor":2,"gold_loss":0},{"damage_healed":0,"gold_gain":0,"player_choice":"Success","damage_taken":3,"relics_obtained":["Mercury Hourglass"],"max_hp_gain":0,"max_hp_loss":0,"event_name":"Scrap Ooze","floor":5,"gold_loss":0},{"damage_healed":0,"gold_gain":0,"player_choice":"Trade","damage_taken":0,"relics_obtained":["NlothsMask"],"max_hp_gain":0,"max_hp_loss":0,"event_name":"FaceTrader","floor":12,"gold_loss":0},{"damage_healed":0,"gold_gain":0,"player_choice":"Fought Bandits","damage_taken":0,"max_hp_gain":0,"max_hp_loss":0,"event_name":"Masked Bandits","floor":19,"gold_loss":0},{"cards_removed":["Defend_R"],"damage_healed":0,"gold_gain":0,"player_choice":"Upgrade and Remove","damage_taken":0,"max_hp_gain":0,"max_hp_loss":0,"event_name":"Designer","floor":36,"gold_loss":90,"cards_upgraded":["Defend_R"]},{"damage_healed":20,"gold_gain":0,"player_choice":"Writhe","damage_taken":0,"max_hp_gain":0,"max_hp_loss":0,"event_name":"Winding Halls","floor":39,"gold_loss":0,"cards_obtained":["Writhe"]}],"is_beta":false,"boss_relics":[{"not_picked":["Runic Pyramid","Coffee Dripper"],"picked":"Sozu"},{"not_picked":["SacredBark","Astrolabe"],"picked":"SlaversCollar"}],"items_purged_floors":[22,25,41],"is_endless":false,"potions_floor_spawned":[4,6,8,14,20,27,28,33,37,45,48],"ascension_level":3}