{"gold_per_floor":[110,285,165,183,183,183,512,529,529,529,562,573,573,605,605,702,702,719,730,186,196,207,239,239,267,267,287,312,312,325,344,344,440,440,452,452,73,90,44,44,44,44,44,56,56,56,56,71,71,71,71,71,19,19],"floor_reached":54,"playtime":2811,"items_purged":["Doubt","Strike_R"],"score":888,"play_id":"1d04b947-182f-4a51-ba7b-175940b595dc","local_time":"20200222043457","is_ascension_mode":true,"campfire_choices":[{"data":"Shrug It Off","floor":6,"key":"SMITH"},{"floor":10,"key":"REST"},{"data":"Body Slam","floor":13,"key":"SMITH"},{"data":"Whirlwind","floor":15,"key":"SMITH"},{"floor":24,"key":"REST"},{"data":"Mayhem","floor":29,"key":"SMITH"},{"floor":32,"key":"RECALL"},{"data":"Barricade","floor":40,"key":"SMITH"},{"data":"Limit Break","floor":42,"key":"SMITH"},{"floor":45,"key":"REST"},{"floor":49,"key":"REST"},{"floor":52,"key":"REST"}],"neow_cost":"NONE","seed_source_timestamp":616310616663800,"circlet_count":0,"master_deck":["Strike_R+1","Strike_R+1","Defend_R+1","Defend_R+1","Defend_R+1","Bash+1","Cleave+1","Shrug It Off+1","Body Slam+1","Battle Trance+1","Whirlwind+1","Limit Break+1","Shockwave+1","Thunderclap+1","Rage+1","Inflame+1","Seeing Red+1","Mayhem+1","Body Slam+1","Sword Boomerang+1","Cleave+1","Double Tap+1","Ghostly Armor+1","Ghostly Armor+1","Immolate+1","Barricade+1","Limit Break+1","Shrug It Off+1","Clumsy"],"relics":["Burning Blood","Old Coin","Letter Opener","Red Skull","Blue Candle","Astrolabe","Question Card","Magic Flower","Vajra","Regal Pillow","Mummified Hand","Cursed Key","Bottled Tornado","Mark of the Bloom"],"potions_floor_usage":[16,16,23,23,25,25,25,27,33,33,33,44,50,54,54],"damage_taken":[{"damage":6,"enemies":"Cultist","floor":1,"turns":3},{"damage":6,"enemies":"2 Louse","floor":4,"turns":2},{"damage":56,"enemies":"Lagavulin","floor":7,"turns":8},{"damage":0,"enemies":"Small Slimes","floor":8,"turns":3},{"damage":10,"enemies":"3 Sentries","floor":11,"turns":6},{"damage":0,"enemies":"Gremlin Gang","floor":12,"turns":3},{"damage":27,"enemies":"Gremlin Nob","floor":14,"turns":5},{"damage":30,"enemies":"Slime Boss","floor":16,"turns":5},{"damage":22,"enemies":"2 Thieves","floor":18,"turns":3},{"damage":0,"enemies":"Chosen","floor":19,"turns":4},{"damage":21,"enemies":"Centurion and Healer","floor":21,"turns":4},{"damage":0,"enemies":"Cultist and Chosen","floor":22,"turns":3},{"damage":17,"enemies":"Book of Stabbing","floor":23,"turns":4},{"damage":13,"enemies":"Slavers","floor":25,"turns":3},{"damage":0,"enemies":"Sentry and Sphere","floor":27,"turns":3},{"damage":27,"enemies":"Book of Stabbing","floor":28,"turns":4},{"damage":2,"enemies":"3 Cultists","floor":30,"turns":3},{"damage":6,"enemies":"Snake Plant","floor":31,"turns":3},{"damage":48,"enemies":"Collector","floor":33,"turns":6},{"damage":15,"enemies":"3 Darklings","floor":35,"turns":2},{"damage":10,"enemies":"Orb Walker","floor":38,"turns":3},{"damage":27,"enemies":"Jaw Worm Horde","floor":44,"turns":3},{"damage":0,"enemies":"Sphere and 2 Shapes","floor":48,"turns":1},{"damage":68,"enemies":"Awakened One","floor":50,"turns":6},{"damage":21,"enemies":"Shield and Spear","floor":54,"turns":2}],"seed_played":"8994246155684350685","potions_obtained":[{"floor":1,"key":"BlessingOfTheForge"},{"floor":7,"key":"LiquidMemories"},{"floor":11,"key":"Regen Potion"},{"floor":16,"key":"DuplicationPotion"},{"floor":21,"key":"EntropicBrew"},{"floor":23,"key":"LiquidBronze"},{"floor":25,"key":"Explosive Potion"},{"floor":27,"key":"Fire Potion"},{"floor":31,"key":"Fruit Juice"},{"floor":33,"key":"PowerPotion"},{"floor":35,"key":"Weak Potion"},{"floor":44,"key":"ElixirPotion"}],"is_trial":false,"path_per_floor":["M","?","$","M","?","R","E","M","T","R","E","M","R","E","R","B",null,"M","M","$","M","M","E","R","E","T","M","E","R","M","M","R","B",null,"M","?","$","M","$","R","$","R","T","M","R","?","?","M","R","B",null,"R","$","E"],"character_chosen":"IRONCLAD","items_purchased":["Shrug It Off","Question Card","Mayhem","Bottled Tornado","Barricade","Shrug It Off","Strength Potion"],"campfire_rested":5,"item_purchase_floors":[3,20,20,37,37,39,53],"current_hp_per_floor":[80,80,80,80,80,80,30,36,36,60,56,62,62,41,41,17,64,48,54,54,39,45,34,58,54,54,63,45,45,52,55,55,24,70,64,64,64,63,63,63,63,63,63,45,85,85,85,85,85,17,17,17,17,0],"gold":19,"neow_bonus":"THREE_CARDS","is_prod":false,"is_daily":false,"chose_seed":false,"campfire_upgraded":6,"win_rate":0,"timestamp":1582324497,"path_taken":["M","?","$","M","?","R","E","M","T","R","E","M","R","E","R","BOSS","M","M","$","M","M","E","R","E","T","M","E","R","?","M","R","BOSS","M","?","$","?","$","R","?","R","T","M","R","?","?","M","R","BOSS","R","$","E"],"build_version":"2020-01-27","purchased_purges":2,"victory":false,"max_hp_per_floor":[80,80,80,80,80,80,80,80,80,80,80,80,80,80,80,80,80,80,80,80,80,80,80,80,80,80,80,80,80,80,80,80,85,85,85,85,85,85,85,85,85,85,85,85,85,85,85,85,85,85,85,85,85,85],"card_choices":[{"not_picked":["Dark Embrace","Flex"],"picked":"Cleave","floor":0},{"not_picked":["Thunderclap","Perfected Strike","Sentinel"],"picked":"SKIP","floor":1},{"not_picked":["Wild Strike","Perfected Strike","Thunderclap"],"picked":"SKIP","floor":4},{"not_picked":["Brutality","Clothesline"],"picked":"Body Slam","floor":7},{"not_picked":["Flame Barrier","Havoc"],"picked":"Battle Trance","floor":8},{"not_picked":["Exhume","Wild Strike","Warcry"],"picked":"SKIP","floor":11},{"not_picked":["True Grit","Battle Trance","Armaments"],"picked":"SKIP","floor":12},{"not_picked":["Uppercut","Anger"],"picked":"Whirlwind","floor":14},{"not_picked":["Offering","Juggernaut"],"picked":"Limit Break","floor":16},{"not_picked":["Headbutt","Cleave"],"picked":"Inflame","floor":18},{"not_picked":["Clothesline","Perfected Strike"],"picked":"Seeing Red","floor":19},{"not_picked":["Perfected Strike","Feel No Pain","Seeing Red"],"picked":"Body Slam+1","floor":21},{"not_picked":["Sever Soul","Seeing Red","Thunderclap"],"picked":"Sword Boomerang+1","floor":22},{"not_picked":["Flex+1","Shockwave","Warcry","Seeing Red"],"picked":"SKIP","floor":23},{"not_picked":["Second Wind","Exhume","Evolve"],"picked":"Cleave","floor":25},{"not_picked":["Warcry","Thunderclap","Iron Wave"],"picked":"Double Tap","floor":27},{"not_picked":["Wild Strike","Clothesline","Pommel Strike"],"picked":"Ghostly Armor","floor":28},{"not_picked":["Perfected Strike","Wild Strike+1","Warcry"],"picked":"Ghostly Armor","floor":30},{"not_picked":["Clothesline","Seeing Red","True Grit+1","Anger+1"],"picked":"SKIP","floor":31},{"not_picked":["Double Tap","Offering","Bludgeon"],"picked":"Immolate","floor":33},{"not_picked":["Fire Breathing+1","Perfected Strike","Anger","Warcry"],"picked":"SKIP","floor":35},{"not_picked":["Perfected Strike+1","Disarm+1","Shrug It Off"],"picked":"Limit Break","floor":38},{"not_picked":["Flex+1","Pommel Strike","True Grit+1","Anger"],"picked":"SKIP","floor":44},{"not_picked":["Wild Strike","Shrug It Off","Perfected Strike+1","Thunderclap+1"],"picked":"SKIP","floor":48}],"player_experience":404198,"relics_obtained":[{"floor":7,"key":"Old Coin"},{"floor":9,"key":"Letter Opener"},{"floor":11,"key":"Red Skull"},{"floor":14,"key":"Blue Candle"},{"floor":23,"key":"Magic Flower"},{"floor":25,"key":"Vajra"},{"floor":26,"key":"Regal Pillow"},{"floor":28,"key":"Mummified Hand"}],"event_choices":[{"damage_healed":0,"gold_gain":175,"player_choice":"AGREE","damage_taken":0,"max_hp_gain":0,"max_hp_loss":0,"event_name":"Liars Game","floor":2,"gold_loss":0,"cards_obtained":["Doubt"]},{"damage_healed":0,"gold_gain":0,"player_choice":"Forge","damage_taken":0,"max_hp_gain":0,"max_hp_loss":0,"event_name":"Accursed Blacksmith","floor":5,"gold_loss":0,"cards_upgraded":["Cleave"]},{"damage_healed":0,"gold_gain":0,"player_choice":"Upgraded","damage_taken":0,"max_hp_gain":0,"max_hp_loss":0,"event_name":"Upgrade Shrine","floor":36,"gold_loss":0,"cards_upgraded":["Limit Break"]},{"damage_healed":0,"gold_gain":0,"player_choice":"Upgrade","damage_taken":0,"relics_obtained":["Mark of the Bloom"],"max_hp_gain":0,"max_hp_loss":0,"event_name":"MindBloom","floor":46,"gold_loss":0,"cards_upgraded":["Strike_R","Strike_R","Defend_R","Defend_R","Defend_R","Bash","Battle Trance","Inflame","Seeing Red","Cleave","Double Tap","Ghostly Armor","Ghostly Armor","Immolate","Shrug It Off"]},{"damage_healed":0,"gold_gain":0,"player_choice":"Ignored","damage_taken":0,"max_hp_gain":0,"max_hp_loss":0,"event_name":"Mysterious Sphere","floor":47,"gold_loss":0}],"is_beta":false,"boss_relics":[{"not_picked":["Runic Dome","Fusion Hammer"],"picked":"Astrolabe"},{"not_picked":["Coffee Dripper","Black Star"],"picked":"Cursed Key"}],"items_purged_floors":[3,20],"is_endless":false,"potions_floor_spawned":[1,7,11,14,16,21,23,25,27,31,33,35,44],"killed_by":"Shield and Spear","ascension_level":5}