{"gold_per_floor":[114,114,189,208,208,208,239,249,249,263,276,276,307,0,0,97,97,107,107,122,122,221,221,252,252,300,300,300,96,108,108,108,108],"floor_reached":33,"playtime":1718,"items_purged":["Strike_R"],"score":352,"play_id":"d60db6f2-a7f0-4f11-afa4-5fefa77087e1","local_time":"20200225233116","is_ascension_mode":true,"campfire_choices":[{"data":"Barricade","floor":6,"key":"SMITH"},{"floor":12,"key":"REST"},{"data":"Rampage","floor":15,"key":"SMITH"},{"data":"Body Slam","floor":23,"key":"SMITH"},{"floor":25,"key":"REST"},{"data":"Berserk","floor":27,"key":"SMITH"},{"data":"Juggernaut","floor":32,"key":"SMITH"}],"neow_cost":"NONE","seed_source_timestamp":944781904355500,"circlet_count":0,"master_deck":["Strike_R+1","Strike_R+1","Strike_R+1","Strike_R+1","Defend_R+1","Defend_R+1","Defend_R+1","Defend_R+1","Bash","Barricade+1","Rampage+1","Shrug It Off+1","Iron Wave","Metallicize","Juggernaut+1","Metallicize","Berserk+1","Body Slam+1","Iron Wave","Armaments+1","Shrug It Off","Disarm"],"relics":["Burning Blood","StoneCalendar","Akabeko","Singing Bowl","Mercury Hourglass","War Paint","Sozu","Pear","Medical Kit","TungstenRod"],"potions_floor_usage":[13,13,16,24],"damage_taken":[{"damage":1,"enemies":"Cultist","floor":1,"turns":4},{"damage":13,"enemies":"Small Slimes","floor":4,"turns":4},{"damage":30,"enemies":"Gremlin Nob","floor":7,"turns":5},{"damage":0,"enemies":"2 Louse","floor":8,"turns":2},{"damage":14,"enemies":"Large Slime","floor":10,"turns":7},{"damage":7,"enemies":"Looter","floor":11,"turns":3},{"damage":17,"enemies":"Lagavulin","floor":13,"turns":7},{"damage":22,"enemies":"Slime Boss","floor":16,"turns":7},{"damage":0,"enemies":"Spheric Guardian","floor":18,"turns":4},{"damage":0,"enemies":"Chosen","floor":20,"turns":4},{"damage":66,"enemies":"Slavers","floor":24,"turns":6},{"damage":16,"enemies":"Snake Plant","floor":30,"turns":4},{"damage":51,"enemies":"Automaton","floor":33,"turns":6}],"seed_played":"-3465175645557846443","potions_obtained":[{"floor":1,"key":"ElixirPotion"},{"floor":4,"key":"Explosive Potion"},{"floor":8,"key":"Energy Potion"},{"floor":10,"key":"LiquidMemories"},{"floor":13,"key":"EssenceOfSteel"}],"is_trial":false,"path_per_floor":["M","T","?","M","?","R","E","M","T","M","M","R","E","$","R","B",null,"M","?","M","?","?","R","E","R","T","R","?","$","M","T","R","B"],"character_chosen":"IRONCLAD","items_purchased":["Metallicize","War Paint","Shrug It Off","Medical Kit"],"campfire_rested":2,"item_purchase_floors":[14,14,29,29],"current_hp_per_floor":[77,77,66,59,59,59,35,41,41,35,34,58,47,47,47,31,69,77,77,83,83,83,83,33,61,61,61,61,61,51,51,51,0],"gold":108,"neow_bonus":"ONE_RANDOM_RARE_CARD","is_prod":false,"is_daily":false,"chose_seed":false,"campfire_upgraded":5,"win_rate":0,"timestamp":1582651876,"path_taken":["M","?","?","M","?","R","E","M","T","M","M","R","E","$","R","BOSS","M","?","M","?","?","R","E","R","T","R","?","$","M","?","R","BOSS"],"build_version":"2020-01-27","purchased_purges":1,"victory":false,"max_hp_per_floor":[80,80,80,80,80,80,80,80,80,82,82,82,82,82,82,82,82,84,84,84,84,84,84,94,94,94,94,94,94,94,94,94,94],"card_choices":[{"not_picked":["Heavy Blade","Cleave"],"picked":"Rampage","floor":1},{"not_picked":["Feel No Pain","Twin Strike","Searing Blow"],"picked":"SKIP","floor":4},{"not_picked":["Dark Embrace","Armaments"],"picked":"Shrug It Off","floor":7},{"not_picked":["Twin Strike","Dropkick"],"picked":"Iron Wave","floor":8},{"not_picked":["Sever Soul","Reckless Charge","Havoc"],"picked":"Singing Bowl","floor":10},{"not_picked":["Ghostly Armor","Cleave"],"picked":"Metallicize","floor":11},{"not_picked":["Pommel Strike","Body Slam"],"picked":"Juggernaut","floor":13},{"not_picked":["Fiend Fire","Limit Break"],"picked":"Berserk","floor":16},{"not_picked":["Thunderclap","Clothesline","Cleave"],"picked":"Singing Bowl","floor":18},{"not_picked":["Heavy Blade","Demon Form"],"picked":"Iron Wave","floor":20},{"not_picked":["Heavy Blade+1","Thunderclap+1"],"picked":"Armaments+1","floor":24},{"not_picked":["Rupture","Headbutt+1"],"picked":"Disarm","floor":30}],"player_experience":420301,"relics_obtained":[{"floor":2,"key":"StoneCalendar"},{"floor":7,"key":"Akabeko"},{"floor":9,"key":"Singing Bowl"},{"floor":13,"key":"Mercury Hourglass"},{"floor":24,"key":"Pear"},{"floor":31,"key":"TungstenRod"}],"event_choices":[{"damage_healed":0,"gold_gain":75,"player_choice":"Gather Gold","damage_taken":11,"max_hp_gain":0,"max_hp_loss":0,"event_name":"World of Goop","floor":3,"gold_loss":0},{"damage_healed":0,"gold_gain":0,"player_choice":"Ignored","damage_taken":0,"max_hp_gain":0,"max_hp_loss":0,"event_name":"Liars Game","floor":5,"gold_loss":0},{"damage_healed":0,"gold_gain":0,"player_choice":"Read","damage_taken":0,"max_hp_gain":0,"max_hp_loss":0,"event_name":"The Library","floor":19,"gold_loss":0,"cards_obtained":["Body Slam"]},{"damage_healed":0,"gold_gain":0,"player_choice":"Ignored","damage_taken":0,"max_hp_gain":0,"max_hp_loss":0,"event_name":"Vampires","floor":21,"gold_loss":0},{"damage_healed":0,"gold_gain":99,"player_choice":"Stole From Cult","damage_taken":0,"max_hp_gain":0,"max_hp_loss":0,"event_name":"Nest","floor":22,"gold_loss":0},{"damage_healed":0,"gold_gain":0,"player_choice":"Simplicity","damage_taken":0,"max_hp_gain":0,"max_hp_loss":0,"event_name":"Back to Basics","floor":28,"gold_loss":0,"cards_upgraded":["Strike_R","Strike_R","Strike_R","Strike_R","Defend_R","Defend_R","Defend_R"]}],"is_beta":false,"boss_relics":[{"not_picked":["Velvet Choker","Ectoplasm"],"picked":"Sozu"}],"items_purged_floors":[14],"is_endless":false,"potions_floor_spawned":[1,4,8,10,13,18,20],"killed_by":"Automaton","ascension_level":6}