{"gold_per_floor":[112,125,25,25,100,100,127,127,127,127,127,144,16,51,51,165,165,187,200,200,300,328,328,366,366,375,395,395,419,23,49,49,157,157,177,127,152,174,194,237,237,249,258,258,276,310,330,330,330,330],"floor_reached":50,"playtime":2910,"items_purged":["Strike_R","Doubt"],"score":580,"play_id":"fbc23373-2bc9-44b6-9bcd-2ce67a537d31","local_time":"20200222034744","is_ascension_mode":false,"campfire_choices":[{"data":"Inflame","floor":6.0,"key":"SMITH"},{"data":"Body Slam","floor":8.0,"key":"SMITH"},{"data":"Pommel Strike","floor":11.0,"key":"SMITH"},{"data":"Iron Wave","floor":15.0,"key":"SMITH"},{"data":"Whirlwind","floor":23.0,"key":"SMITH"},{"data":"Shockwave","floor":25.0,"key":"SMITH"},{"data":"Intimidate","floor":28.0,"key":"SMITH"},{"data":"Seeing Red","floor":32.0,"key":"SMITH"},{"data":"Demon Form","floor":41.0,"key":"SMITH"},{"data":"Limit Break","floor":44.0,"key":"SMITH"},{"floor":49,"key":"RECALL"}],"neow_cost":"NONE","seed_source_timestamp":0,"circlet_count":0,"master_deck":["Strike_R+1","Strike_R+1","Strike_R+1","Defend_R+1","Defend_R+1","Defend_R+1","Defend_R+1","Bash+1","Intimidate+1","Whirlwind+1","Inflame+1","Pommel Strike+1","Body Slam+1","Metallicize","Iron Wave+1","Impervious","Shockwave+1","Sword Boomerang+1","Spot Weakness+1","Inflame+1","Demon Form+1","Seeing Red+1","Limit Break+1","Ghostly Armor","Disarm","Parasite","Havoc+1","Doubt","Madness","Madness","Infernal Blade+1"],"special_seed":0,"relics":["Burning Blood","Boot","Smiling Mask","CeramicFish","Cursed Key","Happy Flower","FossilizedHelix","Kunai","SlaversCollar","Blood Vial","Omamori"],"potions_floor_usage":[47,50],"damage_taken":[{"damage":6.0,"enemies":"Cultist","floor":1.0,"turns":3.0},{"damage":7.0,"enemies":"2 Louse","floor":2.0,"turns":3.0},{"damage":39.0,"enemies":"Lagavulin","floor":7.0,"turns":8.0},{"damage":5.0,"enemies":"Small Slimes","floor":12.0,"turns":3.0},{"damage":4.0,"enemies":"3 Sentries","floor":14.0,"turns":8.0},{"damage":16.0,"enemies":"Slime Boss","floor":16.0,"turns":10.0},{"damage":8.0,"enemies":"2 Thieves","floor":18.0,"turns":4.0},{"damage":0.0,"enemies":"Chosen","floor":19.0,"turns":5.0},{"damage":10.0,"enemies":"3 Cultists","floor":22.0,"turns":4.0},{"damage":0.0,"enemies":"Gremlin Leader","floor":24.0,"turns":6.0},{"damage":0.0,"enemies":"Snecko","floor":27.0,"turns":4.0},{"damage":0.0,"enemies":"Snake Plant","floor":29.0,"turns":3.0},{"damage":3.0,"enemies":"Cultist and Chosen","floor":31.0,"turns":4.0},{"damage":51.0,"enemies":"Champ","floor":33.0,"turns":7.0},{"damage":9.0,"enemies":"3 Shapes","floor":35.0,"turns":5.0},{"damage":15.0,"enemies":"Orb Walker","floor":37.0,"turns":5.0},{"damage":6.0,"enemies":"Spire Growth","floor":38.0,"turns":3.0},{"damage":13.0,"enemies":"Writhing Mass","floor":39.0,"turns":5.0},{"damage":0.0,"enemies":"Giant Head","floor":40.0,"turns":7.0},{"damage":0.0,"enemies":"Maw","floor":42.0,"turns":6.0},{"damage":58.0,"enemies":"Nemesis","floor":46.0,"turns":7.0},{"damage":10,"enemies":"4 Shapes","floor":47,"turns":11},{"damage":28,"enemies":"Donu and Deca","floor":50,"turns":4}],"seed_played":"4014855628245746739","potions_obtained":[{"floor":1.0,"key":"SkillPotion"},{"floor":2.0,"key":"EssenceOfSteel"},{"floor":7.0,"key":"SpeedPotion"},{"floor":16.0,"key":"PowerPotion"},{"floor":19.0,"key":"DuplicationPotion"},{"floor":46.0,"key":"ColorlessPotion"},{"floor":47,"key":"Energy Potion"}],"is_trial":false,"path_per_floor":["M","M","$","?","?","R","E","R","T","?","R","M","$","E","R","B",null,"M","M","?","?","M","R","E","R","T","M","R","M","$","M","R","B",null,"M","$","M","M","M","E","R","M","T","R","?","E","M","?","R","B"],"character_chosen":"IRONCLAD","items_purchased":["Inflame","Pommel Strike","Metallicize","Demon Form","Kunai"],"campfire_rested":0,"item_purchase_floors":[3,3,13,30,30],"current_hp_per_floor":[88,87,87,92,81,81,48,48,48,48,48,49,49,51,51,41,93,91,93,93,93,89,89,93,93,93,93,93,93,93,93,93,48,93,90,90,81,81,74,80,80,88,88,88,76,26,24,24,24,0],"gold":330,"neow_bonus":"TEN_PERCENT_HP_BONUS","is_prod":false,"is_daily":false,"chose_seed":false,"campfire_upgraded":10,"win_rate":0,"timestamp":1582321664,"path_taken":["M","M","$","?","?","R","E","R","T","?","R","M","$","E","R","BOSS","M","M","?","?","M","R","E","R","T","M","R","M","$","M","R","BOSS","M","$","M","M","?","E","R","M","T","R","?","E","M","?","R","BOSS"],"build_version":"2020-01-27","purchased_purges":2,"victory":false,"max_hp_per_floor":[88,88,88,93,93,93,93,93,93,93,93,93,93,93,93,93,93,93,93,93,93,93,93,93,93,93,93,93,93,93,93,93,93,93,93,93,93,93,93,93,93,93,93,93,93,93,93,93,93,93],"card_choices":[{"not_picked":["Anger","Armaments"],"picked":"Intimidate","floor":1.0},{"not_picked":["Anger","Twin Strike"],"picked":"Whirlwind","floor":2.0},{"not_picked":["Whirlwind","Clothesline"],"picked":"Body Slam","floor":7.0},{"not_picked":["Anger","Havoc","Fire Breathing"],"picked":"SKIP","floor":12.0},{"not_picked":["Havoc","Thunderclap"],"picked":"Iron Wave","floor":14.0},{"not_picked":["Offering","Double Tap"],"picked":"Impervious","floor":16.0},{"not_picked":["Warcry","Wild Strike+1"],"picked":"Shockwave","floor":18.0},{"not_picked":["Clash","Anger","Body Slam"],"picked":"SKIP","floor":19.0},{"not_picked":["Combust","Anger"],"picked":"Sword Boomerang+1","floor":22.0},{"not_picked":["Berserk","Blood for Blood+1"],"picked":"Spot Weakness+1","floor":24.0},{"not_picked":["Clash","Perfected Strike","Pommel Strike"],"picked":"SKIP","floor":27.0},{"not_picked":["Blood for Blood","Rampage"],"picked":"Inflame+1","floor":29.0},{"not_picked":["Armaments","Sentinel"],"picked":"Seeing Red","floor":31.0},{"not_picked":["Impervious","Exhume"],"picked":"Limit Break","floor":33.0},{"not_picked":["Wild Strike+1","Warcry","Clothesline"],"picked":"SKIP","floor":35.0},{"not_picked":["Combust+1","Flex+1"],"picked":"Ghostly Armor","floor":37.0},{"not_picked":["Intimidate+1","Clothesline"],"picked":"Disarm","floor":38.0},{"not_picked":["Combust+1","Headbutt","Dropkick+1"],"picked":"SKIP","floor":39.0},{"not_picked":["Twin Strike+1","Berserk"],"picked":"Havoc+1","floor":40.0},{"not_picked":["Sword Boomerang+1","Rampage","Iron Wave+1"],"picked":"SKIP","floor":42.0},{"not_picked":["Sword Boomerang+1","Whirlwind","Thunderclap"],"picked":"SKIP","floor":46.0},{"not_picked":["Headbutt+1","Anger"],"picked":"Infernal Blade+1","floor":47}],"player_experience":401288,"relics_obtained":[{"floor":7.0,"key":"Boot"},{"floor":9.0,"key":"Smiling Mask"},{"floor":14.0,"key":"CeramicFish"},{"floor":24.0,"key":"Happy Flower"},{"floor":26.0,"key":"FossilizedHelix"},{"floor":40.0,"key":"Blood Vial"},{"floor":46.0,"key":"Omamori"}],"event_choices":[{"damage_healed":0.0,"max_hp_gain":5.0,"max_hp_loss":0.0,"gold_gain":0.0,"event_name":"Big Fish","player_choice":"Donut","floor":4.0,"gold_loss":0.0,"damage_taken":0.0},{"damage_healed":0.0,"max_hp_gain":0.0,"max_hp_loss":0.0,"gold_gain":75.0,"event_name":"World of Goop","player_choice":"Gather Gold","floor":5.0,"gold_loss":0.0,"damage_taken":11.0},{"damage_healed":0.0,"max_hp_gain":0.0,"max_hp_loss":0.0,"gold_gain":0.0,"event_name":"Living Wall","player_choice":"Grow","floor":10.0,"gold_loss":0.0,"damage_taken":0.0,"cards_upgraded":["Bash"]},{"damage_healed":0.0,"max_hp_gain":0.0,"max_hp_loss":0.0,"gold_gain":0.0,"event_name":"Back to Basics","player_choice":"Simplicity","floor":20.0,"gold_loss":0.0,"damage_taken":0.0,"cards_upgraded":["Strike_R","Strike_R","Strike_R","Strike_R","Defend_R","Defend_R","Defend_R","Defend_R"]},{"damage_healed":0.0,"max_hp_gain":0.0,"max_hp_loss":0.0,"gold_gain":100.0,"event_name":"Golden Shrine","player_choice":"Pray","floor":21.0,"gold_loss":0.0,"damage_taken":0.0},{"damage_healed":0.0,"max_hp_gain":0.0,"max_hp_loss":0.0,"gold_gain":0.0,"event_name":"Winding Halls","player_choice":"Embrace Madness","floor":45.0,"gold_loss":0.0,"damage_taken":12.0,"cards_obtained":["Madness","Madness"]},{"cards_removed":["Strike_R"],"damage_healed":0,"gold_gain":0,"player_choice":"Removed Attack","damage_taken":0,"max_hp_gain":0,"max_hp_loss":0,"event_name":"Falling","floor":48,"gold_loss":0}],"is_beta":false,"boss_relics":[{"not_picked":["SacredBark","Tiny House"],"picked":"Cursed Key"},{"not_picked":["Calling Bell","Black Star"],"picked":"SlaversCollar"}],"items_purged_floors":[13,36],"is_endless":false,"potions_floor_spawned":[1,2,7,16,19,24,29,33,35,46,47],"killed_by":"Donu and Deca","ascension_level":0}