{"gold_per_floor":[116,116,191,207,220,220,249,249,249,78,98,18,44,62,62,165,165,165,165,80,80,80,80,80,80,80,80,80,80,80,80,80,80],"floor_reached":33,"playtime":1886,"items_purged":["Strike_R","Defend_R"],"score":407,"play_id":"8ee6e556-ed5d-4a22-a2d4-ccb126d062c5","local_time":"20200226214433","is_ascension_mode":true,"campfire_choices":[{"floor":6,"key":"REST"},{"floor":8,"key":"REST"},{"floor":15,"key":"REST"},{"floor":23,"key":"REST"},{"floor":28,"key":"REST"},{"floor":30,"key":"REST"},{"data":"Limit Break","floor":32,"key":"SMITH"}],"neow_cost":"NONE","seed_source_timestamp":1024609349004400,"circlet_count":0,"master_deck":["Strike_R","Strike_R","Strike_R","Defend_R","Defend_R","Defend_R","Bash","Heavy Blade","Cleave","Heavy Blade","Shrug It Off","Limit Break+1","Inflame","Metallicize","Disarm","Cleave","Body Slam","Feed","Pummel+1","Flex+1","Pummel","Flame Barrier+1"],"relics":["Burning Blood","Centennial Puzzle","The Courier","Darkstone Periapt","Ectoplasm","Orichalcum","CultistMask","Toxic Egg 2","Bottled Lightning","Letter Opener"],"potions_floor_usage":[16,19,25,29],"damage_taken":[{"damage":5,"enemies":"Small Slimes","floor":1,"turns":4},{"damage":0,"enemies":"2 Louse","floor":4,"turns":2},{"damage":14,"enemies":"Jaw Worm","floor":5,"turns":3},{"damage":34,"enemies":"Gremlin Nob","floor":7,"turns":5},{"damage":0,"enemies":"Looter","floor":11,"turns":4},{"damage":35,"enemies":"Lagavulin","floor":13,"turns":9},{"damage":31,"enemies":"Exordium Thugs","floor":14,"turns":5},{"damage":44,"enemies":"The Guardian","floor":16,"turns":14},{"damage":24,"enemies":"Spheric Guardian","floor":18,"turns":5},{"damage":8,"enemies":"Chosen","floor":19,"turns":4},{"damage":18,"enemies":"Snake Plant","floor":22,"turns":5},{"damage":34,"enemies":"Book of Stabbing","floor":25,"turns":6},{"damage":6,"enemies":"Cultist and Chosen","floor":27,"turns":4},{"damage":0,"enemies":"Gremlin Leader","floor":29,"turns":2},{"damage":9,"enemies":"Book of Stabbing","floor":31,"turns":3},{"damage":83,"enemies":"Automaton","floor":33,"turns":10}],"seed_played":"6236421917000758954","potions_obtained":[{"floor":4,"key":"Dexterity Potion"},{"floor":7,"key":"ElixirPotion"},{"floor":11,"key":"GamblersBrew"},{"floor":18,"key":"Dexterity Potion"},{"floor":27,"key":"SmokeBomb"}],"is_trial":false,"path_per_floor":["M","?","?","M","M","R","E","R","T","$","M","$","E","M","R","B",null,"M","M","?","?","M","R","$","E","T","M","R","E","R","E","R","B"],"character_chosen":"IRONCLAD","items_purchased":["Inflame","Metallicize"],"campfire_rested":6,"item_purchase_floors":[10,10],"current_hp_per_floor":[73,66,55,61,53,77,49,73,73,73,79,79,50,25,49,11,63,45,43,43,43,31,55,55,27,27,30,54,60,83,80,80,0],"gold":80,"neow_bonus":"THREE_CARDS","is_prod":false,"is_daily":false,"chose_seed":false,"campfire_upgraded":1,"win_rate":0,"timestamp":1582731873,"path_taken":["M","?","?","M","M","R","E","R","T","$","M","$","E","M","R","BOSS","M","M","?","?","?","R","$","E","T","M","R","E","R","E","R","BOSS"],"build_version":"2020-01-27","purchased_purges":2,"victory":false,"max_hp_per_floor":[80,80,80,80,80,80,80,80,80,80,80,80,80,80,80,80,80,80,80,80,80,80,80,80,80,80,83,83,83,83,83,83,83],"card_choices":[{"not_picked":["Perfected Strike","Anger"],"picked":"Heavy Blade","floor":0},{"not_picked":["Iron Wave","Dropkick"],"picked":"Cleave","floor":1},{"not_picked":["Warcry","Flex"],"picked":"Heavy Blade","floor":4},{"not_picked":["Armaments","Flame Barrier"],"picked":"Shrug It Off","floor":5},{"not_picked":["Impervious","Havoc"],"picked":"Limit Break","floor":7},{"not_picked":["Blood for Blood","Metallicize"],"picked":"Disarm","floor":11},{"not_picked":["Havoc","Warcry"],"picked":"Cleave","floor":13},{"not_picked":["True Grit","Clash"],"picked":"Body Slam","floor":14},{"not_picked":["Fiend Fire","Immolate"],"picked":"Feed","floor":16},{"not_picked":["Evolve","Wild Strike"],"picked":"Pummel+1","floor":18},{"not_picked":["Burning Pact+1","Warcry","Armaments+1"],"picked":"SKIP","floor":19},{"not_picked":["Bloodletting","Pommel Strike","Body Slam"],"picked":"SKIP","floor":22},{"not_picked":["Heavy Blade","Rupture"],"picked":"Flex+1","floor":25},{"not_picked":["Cleave","Body Slam"],"picked":"Pummel","floor":27},{"not_picked":["Iron Wave+1","Sword Boomerang+1"],"picked":"Flame Barrier+1","floor":31}],"player_experience":422019,"relics_obtained":[{"floor":7,"key":"Centennial Puzzle"},{"floor":9,"key":"The Courier"},{"floor":13,"key":"Darkstone Periapt"},{"floor":25,"key":"Toxic Egg 2"},{"floor":26,"key":"Bottled Lightning"},{"floor":31,"key":"Letter Opener"}],"event_choices":[{"cards_removed":["Strike_R"],"damage_healed":0,"gold_gain":0,"player_choice":"Card Removal","damage_taken":7,"max_hp_gain":0,"max_hp_loss":0,"event_name":"Golden Wing","floor":2,"gold_loss":0},{"damage_healed":0,"gold_gain":75,"player_choice":"Gather Gold","damage_taken":11,"max_hp_gain":0,"max_hp_loss":0,"event_name":"World of Goop","floor":3,"gold_loss":0},{"damage_healed":0,"gold_gain":0,"player_choice":"Obtained Relic","damage_taken":0,"relics_obtained":["Orichalcum"],"max_hp_gain":0,"max_hp_loss":0,"event_name":"Addict","floor":20,"gold_loss":85},{"damage_healed":0,"gold_gain":0,"player_choice":"Trade","damage_taken":0,"relics_obtained":["CultistMask"],"max_hp_gain":0,"max_hp_loss":0,"event_name":"FaceTrader","floor":21,"gold_loss":0}],"is_beta":false,"boss_relics":[{"not_picked":["Pandora\u0027s Box","Empty Cage"],"picked":"Ectoplasm"}],"items_purged_floors":[10,12],"is_endless":false,"potions_floor_spawned":[4,7,11,14,18,27],"killed_by":"Automaton","ascension_level":6}