{"gold_per_floor":[116,116,45,10,185,185,110,110,110,110,10,45,60,86,86,185,185,205,223,173,173],"floor_reached":21,"playtime":1157,"items_purged":["Doubt","Shame"],"score":238,"play_id":"ab6af68b-8ce2-48fe-8375-0cb356d0cc24","local_time":"20200301222711","is_ascension_mode":true,"campfire_choices":[{"data":"Metallicize","floor":6,"key":"SMITH"},{"data":"Cleave","floor":8,"key":"SMITH"},{"data":"Bash","floor":10,"key":"SMITH"},{"data":"Searing Blow","floor":15,"key":"SMITH"}],"neow_cost":"NONE","seed_source_timestamp":1373495480879500,"circlet_count":0,"master_deck":["Strike_R","Strike_R","Strike_R","Strike_R","Defend_R","Defend_R","Defend_R","Defend_R","Bash+1","Cleave+1","Metallicize+1","Searing Blow+1","Warcry","Iron Wave","Berserk+1","Cleave"],"relics":["Cursed Key","Pear","Frozen Egg 2","Charon\u0027s Ashes","SlaversCollar"],"potions_floor_usage":[14,16,19,21],"damage_taken":[{"damage":2,"enemies":"Jaw Worm","floor":1,"turns":3},{"damage":22,"enemies":"Lagavulin","floor":12,"turns":6},{"damage":0,"enemies":"2 Louse","floor":13,"turns":1},{"damage":16,"enemies":"Gremlin Nob","floor":14,"turns":3},{"damage":39,"enemies":"The Guardian","floor":16,"turns":8},{"damage":33,"enemies":"2 Thieves","floor":18,"turns":4},{"damage":16,"enemies":"Shell Parasite","floor":19,"turns":5},{"damage":23,"enemies":"Centurion and Healer","floor":21,"turns":6}],"seed_played":"-2068591125668773485","potions_obtained":[{"floor":1,"key":"AttackPotion"},{"floor":14,"key":"Strength Potion"},{"floor":16,"key":"SneckoOil"},{"floor":18,"key":"Energy Potion"}],"is_trial":false,"path_per_floor":["M","?","$","?","?","R","$","R","T","R","$","E","M","E","R","B",null,"M","M","?","M"],"character_chosen":"IRONCLAD","items_purchased":["Metallicize"],"campfire_rested":0,"item_purchase_floors":[3],"current_hp_per_floor":[70,63,63,80,80,80,80,80,90,90,90,68,68,52,52,13,71,38,22,22,0],"gold":173,"neow_bonus":"BOSS_RELIC","is_prod":false,"is_daily":false,"chose_seed":false,"campfire_upgraded":4,"win_rate":0,"timestamp":1583080031,"path_taken":["M","?","$","?","?","R","$","R","T","R","?","E","?","E","R","BOSS","M","M","?","?"],"build_version":"2020-01-27","purchased_purges":2,"victory":false,"max_hp_per_floor":[80,80,80,80,80,80,80,80,90,90,90,90,90,90,90,90,90,90,90,90,90],"card_choices":[{"not_picked":["Rupture","Clothesline"],"picked":"Cleave","floor":1},{"not_picked":["Bloodletting","True Grit"],"picked":"Searing Blow","floor":12},{"not_picked":["Searing Blow","Feel No Pain+1"],"picked":"Warcry","floor":13},{"not_picked":["Pommel Strike","True Grit"],"picked":"Iron Wave","floor":14},{"not_picked":["Impervious","Reaper"],"picked":"Berserk+1","floor":16},{"not_picked":["Burning Pact","Wild Strike","Flex"],"picked":"SKIP","floor":18},{"not_picked":["Entrench+1","Wild Strike"],"picked":"Cleave","floor":19}],"player_experience":425815,"relics_obtained":[{"floor":9,"key":"Pear"},{"floor":12,"key":"Frozen Egg 2"},{"floor":14,"key":"Charon\u0027s Ashes"}],"event_choices":[{"cards_removed":["Strike_R"],"damage_healed":0,"gold_gain":0,"player_choice":"Card Removal","damage_taken":7,"max_hp_gain":0,"max_hp_loss":0,"event_name":"Golden Wing","floor":2,"gold_loss":0},{"damage_healed":20,"gold_gain":0,"player_choice":"Healed","damage_taken":0,"max_hp_gain":0,"max_hp_loss":0,"event_name":"The Cleric","floor":4,"gold_loss":35},{"damage_healed":0,"gold_gain":175,"player_choice":"AGREE","damage_taken":0,"max_hp_gain":0,"max_hp_loss":0,"event_name":"Liars Game","floor":5,"gold_loss":0,"cards_obtained":["Doubt"]},{"damage_healed":0,"gold_gain":0,"player_choice":"Bet on Murderer","damage_taken":0,"max_hp_gain":0,"max_hp_loss":0,"event_name":"The Joust","floor":20,"gold_loss":50}],"is_beta":false,"boss_relics":[{"not_picked":["Tiny House","Calling Bell"],"picked":"SlaversCollar"}],"items_purged_floors":[7,11],"is_endless":false,"potions_floor_spawned":[1,14,16,18],"killed_by":"Centurion and Healer","ascension_level":6}