{"gold_per_floor":[111,125,145,220,236,266,266,366,392,392,405,405,420,445,445,445],"floor_reached":16,"playtime":1012,"items_purged":[],"score":151,"play_id":"38b756db-c278-4ac3-a8e3-9a261aa5cb82","local_time":"20200324154239","is_ascension_mode":true,"campfire_choices":[{"data":"Barricade","floor":7,"key":"SMITH"},{"floor":10,"key":"REST"},{"data":"Bash","floor":12,"key":"SMITH"},{"floor":15,"key":"REST"}],"neow_cost":"NONE","seed_source_timestamp":229198676084700,"circlet_count":0,"master_deck":["Strike_R","Strike_R","Strike_R","Strike_R","Strike_R","Defend_R","Defend_R","Defend_R","Defend_R","Bash+1","Heavy Blade","Disarm","Sword Boomerang","Barricade+1","Shockwave","Iron Wave"],"relics":["Burning Blood","Nunchaku","Regal Pillow","Art of War","Boot"],"potions_floor_usage":[6,13,14,16],"damage_taken":[{"damage":14,"enemies":"Small Slimes","floor":1,"turns":4},{"damage":2,"enemies":"Jaw Worm","floor":2,"turns":3},{"damage":6,"enemies":"Cultist","floor":3,"turns":4},{"damage":25,"enemies":"Lots of Slimes","floor":5,"turns":8},{"damage":6,"enemies":"Gremlin Nob","floor":6,"turns":3},{"damage":9,"enemies":"Red Slaver","floor":11,"turns":4},{"damage":28,"enemies":"Exordium Thugs","floor":13,"turns":7},{"damage":49,"enemies":"3 Sentries","floor":14,"turns":8},{"damage":50,"enemies":"Slime Boss","floor":16,"turns":8}],"seed_played":"3635151604585415881","potions_obtained":[{"floor":1,"key":"Weak Potion"},{"floor":5,"key":"PowerPotion"},{"floor":11,"key":"ColorlessPotion"},{"floor":14,"key":"Energy Potion"}],"is_trial":false,"path_per_floor":["M","M","M","?","M","E","R","?","T","R","M","R","M","E","R","B"],"character_chosen":"IRONCLAD","items_purchased":[],"campfire_rested":2,"item_purchase_floors":[],"current_hp_per_floor":[64,68,68,57,38,38,38,38,38,77,74,74,52,9,48,0],"gold":445,"neow_bonus":"RANDOM_COMMON_RELIC","is_prod":false,"is_daily":false,"chose_seed":false,"campfire_upgraded":2,"win_rate":0,"timestamp":1585042959,"path_taken":["M","M","M","?","M","E","R","?","T","R","M","R","?","E","R","BOSS"],"build_version":"2020-01-27","purchased_purges":0,"victory":false,"max_hp_per_floor":[80,80,80,80,80,80,80,80,80,80,80,80,80,80,80,80],"card_choices":[{"not_picked":["Sentinel","Armaments","Perfected Strike"],"picked":"SKIP","floor":1},{"not_picked":["Perfected Strike","Clothesline"],"picked":"Heavy Blade","floor":2},{"not_picked":["Shrug It Off","Rupture"],"picked":"Disarm","floor":3},{"not_picked":["Dual Wield","Corruption"],"picked":"Sword Boomerang","floor":5},{"not_picked":["True Grit","Sword Boomerang"],"picked":"Barricade","floor":6},{"not_picked":["Thunderclap","Warcry","Armaments"],"picked":"SKIP","floor":11},{"not_picked":["Dual Wield","Rage"],"picked":"Shockwave","floor":13},{"not_picked":["Sword Boomerang","True Grit"],"picked":"Iron Wave","floor":14}],"player_experience":483624,"relics_obtained":[{"floor":6,"key":"Regal Pillow"},{"floor":9,"key":"Art of War"},{"floor":14,"key":"Boot"}],"event_choices":[{"damage_healed":0,"gold_gain":75,"player_choice":"Gather Gold","damage_taken":11,"max_hp_gain":0,"max_hp_loss":0,"event_name":"World of Goop","floor":4,"gold_loss":0},{"damage_healed":0,"gold_gain":100,"player_choice":"Pray","damage_taken":0,"max_hp_gain":0,"max_hp_loss":0,"event_name":"Golden Shrine","floor":8,"gold_loss":0}],"is_beta":false,"boss_relics":[],"items_purged_floors":[],"is_endless":false,"potions_floor_spawned":[1,5,11,14],"killed_by":"Slime Boss","ascension_level":7}